2796 4902
242 284 288 370 tt
566 287 701 354 aron
729 285 976 368 sanorem,

242 406 414 495 «potentia
432 421 647 493 aequaretur.»
674 403 807 471 Fatetur
826 401 913 470 idem
938 403 1059 468 Seneca
1082 405 1135 468 hic
1154 405 1294 490 Rhetor,

242 516 400 578 Annaeum
424 511 543 576 Melam
568 508 669 575 lilium
693 508 904 601 compellans,
929 509 1085 598 prooemio
1107 509 1208 576 altero
1234 512 1298 578 De-

241 615 363 680 clamat.
380 614 461 698 Quae
470 614 667 679 Cornelianis
675 615 718 678 ita
728 610 940 702 respondent,
954 629 990 676 ut
1005 635 1047 677 ne
1059 636 1157 677 ovum
1165 613 1297 704 quidem

241 743 306 786 ovo
321 722 419 812 magis
439 721 478 784 sit
494 719 604 786 simile.
626 719 717 785 Idem
734 735 868 784 testatur
888 735 921 784 et
939 719 1060 784 Seneca
1080 719 1298 810 Philosophus

241 827 282 892 de
295 827 392 891 fratre
409 827 508 908 Mela,
525 828 616 892 initio
631 831 713 915 ejus,
729 850 800 914 quae
816 826 993 914 alloquium
1004 827 1164 908 continet,
1176 828 1298 892 Con'so-

239 935 364 1000 lationis
381 933 422 1000 ad
438 933 585 1017 Elbiam,
602 935 701 1024 vulgo
718 933 876 998 Albinam
889 950 1033 998 matrem.
1048 934 1167 999 Orator
1187 937 1297 1024 itaque

241 1055 349 1104 noster
364 1036 464 1102 lilium
483 1039 643 1102 Annaeum
659 1038 776 1103 Melam
791 1037 944 1128 appellat,
962 1059 1061 1124 quem
1080 1037 1299 1127 Philosophus

239 1144 387 1228 fratrem,
399 1145 476 1210 item
490 1159 522 1208 et
536 1143 683 1210 Tacitus:
700 1167 741 1209 ex
752 1168 819 1233 quo
832 1143 970 1208 efficitur
985 1165 1054 1207 non
1068 1143 1220 1208 eumdem
1235 1145 1299 1208 De·

240 1251 460 1334 clamationes,
483 1267 514 1318 et
527 1249 698 1340 Epistolas,
716 1267 895 1338 caeteraque
914 1251 1146 1339 conscripsisse.
1170 1249 1235 1315 Sed
1254 1273 1301 1316 ne

240 1359 311 1446 quis
335 1356 562 1447 tergiversandi
578 1357 669 1422 locus
687 1358 816 1424 relictus
832 1380 899 1422 esse
915 1355 1078 1447 videatur,
1096 1380 1249 1446 magnum
1266 1373 1299 1422 et

238 1463 318 1528 illud
337 1463 424 1552 apud
437 1487 489 1528 me
506 1463 636 1552 pondus
654 1463 767 1546 habet,
789 1461 880 1551 quod
897 1461 982 1527 idem
1000 1463 1100 1527 refert
1119 1465 1217 1529 Corn.
1238 1464 1300 1532 Ta*

238 1573 320 1638 citus
331 1571 446 1636 Annali
455 1569 543 1652 XIV,
551 1570 823 1657 quumaNerone
831 1569 1048 1659 Philosophus
1056 1570 1238 1634 missionem
1246 1569 1299 1637 ssa-

238 1677 367 1766 gitaret,
384 1697 421 1742 ac
446 1697 480 1740 se
506 1675 631 1740 invidiae
648 1697 688 1738 ex
706 1675 867 1739 immensis
886 1676 1002 1764 opibus
1029 1691 1201 1740 contractae
1224 1679 1299 1741 suh

238 1778 359 1844 ducere
377 1778 489 1860 vellet,
513 1777 570 1842 sed
592 1777 742 1842 invidiam
761 1793 885 1842 tantum
910 1776 1118 1866 deprecatum
1136 1801 1213 1844 esse.
1236 1779 1299 1843 Cui

237 1879 351 1946 callide
370 1881 572 1969 Imperator:
587 1910 600 1934 ι
611 1879 750 1961 Verum,
770 1878 888 1967 inquit,
904 1894 937 1942 et
953 1877 1010 1942 tibi
1025 1879 1128 1944 valida
1142 1895 1229 1960 aetas,
1246 1903 1299 1944 ro·

239 1986 394 2074 «burque
410 2002 442 2050 et
458 1985 578 2050 fructui
596 2007 706 2049 rerum
726 1983 910 2050 sufficiens:
930 2001 962 2049 et
976 2009 1034 2050 nos
1049 1985 1152 2074 prima
1170 1987 1298 2074 imperii

239 2093 362 2182 «spatia
379 2091 618 2181 ingredimur.»
639 2091 716 2156 Non
736 2091 835 2180 igitur
849 2092 1059 2156 centesimum
1072 2095 1139 2178 jam
1156 2115 1296 2173 annum,

238 2199 310 2288 quae
325 2199 473 2264 silicernii
491 2214 563 2262 aetas
582 2214 645 2289 est,
663 2213 856 2280 excesserat,
878 2220 914 2262 ae
933 2221 975 2261 ne
989 2198 1133 2286 attigerat
1151 2198 1296 2286 quidem.

281 2306 389 2398 Stylus'
408 2305 548 2394 denique
564 2306 701 2388 Criticis,
717 2321 754 2368 ut
779 2305 824 2371 M.
846 2305 984 2370 Varroni
1002 2305 1089 2394 apud
1109 2307 1238 2372 Latinos
1261 2309 1296 2372 in

236 2412 388 2478 Plautinis
406 2412 520 2476 fabulis
541 2410 750 2498 dijudicandis
760 2421 783 2492 ¹,
804 2411 891 2499 apud
911 2411 1038 2479 Graecos
1057 2414 1243 2478 Aristarcho
1260 2415 1297 2478 in

235 2517 413 2586 Homericis
429 2517 663 2598 discernendis,
679 2541 747 2581 non
763 2517 859 2582 falsus
871 2517 912 2582 de
926 2519 1048 2608 scriptis
1064 2520 1201 2584 aliorum
1215 2521 1296 2586 aesti-

235 2627 358 2692 mandis
373 2644 500 2710 auctor,
517 2628 632 2715 stylus,
646 2627 792 2713 inqnam,
809 2628 978 2714 utriusque
993 2627 1122 2692 Senecae
1137 2627 1238 2692 Marci
1262 2644 1297 2693 et

235 2729 325 2794 Lucii
339 2747 402 2795 tam
415 2730 585 2810 dissimilis,
599 2745 636 2792 ut
646 2727 697 2792 vel
708 2727 773 2792 hoc
786 2749 853 2790 uno
868 2745 1058 2816 argumento
1072 2728 1213 2794 diversos
1226 2753 1296 2794 esse

235 2832 480 2916 animadvertat,
500 2834 645 2921 quisquis
671 2831 810 2897 eruditas
828 2855 921 2900 aures
942 2835 1111 2899 consulere
1128 2836 1207 2902 vult.
1231 2837 1294 2902 Hic

236 2939 321 3004 enim
339 2941 485 3004 concisus
506 2940 631 3028 sibique
645 2939 810 3032 cohaerens
832 2939 1029 3007 declamitat:
1050 2941 1103 3004 ille
1120 2943 1187 3006 sine
1205 2943 1295 3008 calce
1347 3020 1351 3026 ³

235 3067 338 3111 arenae
348 3046 446 3110 instar
455 3046 693 3110 commissiones
709 3069 812 3110 meras
823 3048 1003 3136 componit,
1016 3064 1053 3111 ut
1062 3049 1201 3138 Caligula
1212 3051 1290 3138 imp.

230 3147 399 3237 judicavit,
418 3167 451 3216 et
466 3149 643 3216 desultorio
658 3173 750 3216 more
765 3153 798 3215 in
815 3153 889 3218 vitia
902 3155 1128 3220 stomachatur.
1140 3155 1201 3219 llic
1209 3157 1291 3242 jocis

232 3255 413 3347 interdum,
437 3257 569 3340 salibus,
596 3256 800 3348 dicteriisque
821 3257 867 3324 M.
895 3259 990 3323 Tullii
1016 3261 1150 3324 oratoris
1175 3262 1293 3327 urbani

233 3364 382 3453 exenrplo
400 3364 566 3455 indulget:
583 3364 638 3429 ille
652 3387 779 3453 semper
799 3387 944 3448 severus,
964 3388 1001 3430 ac
1017 3367 1115 3430 veluti
1132 3367 1211 3431 Cato
1227 3383 1292 3432 ter-

230 3467 293 3532 tius
310 3467 417 3532 Stoica
431 3467 582 3554 gravitate
592 3465 642 3530 sui
653 3467 769 3532 similis.
783 3465 843 3532 Hic
855 3466 973 3560 ingenii
989 3484 1094 3549 notas,
1113 3468 1166 3532 ille
1177 3469 1292 3556 judicii

230 3569 368 3658 praefert,
381 3591 567 3658 quanquam
579 3585 611 3632 et
624 3584 734 3632 noster
744 3567 866 3654 judicat
878 3566 919 3633 de
933 3569 1070 3634 aliorum
1081 3571 1203 3659 scriptis
1221 3569 1289 3636 dic-

228 3675 332 3763 tisque
348 3691 438 3740 extra
453 3696 581 3742 eausam
601 3696 692 3755 vere,
706 3689 739 3736 et
758 3673 920 3740 audacter.
938 3673 1019 3758 Quae
1033 3698 1136 3762 quum
1151 3676 1194 3740 ita
1207 3677 1289 3760 sint,

229 3801 297 3844 non
311 3780 399 3846 idem
411 3782 538 3846 Rhetor
552 3795 614 3863 est,
631 3778 686 3846 sed
704 3797 804 3870 pater,
825 3795 858 3845 et
874 3779 1108 3870 Philosophus,
1131 3782 1187 3869 qui
1205 3781 1290 3851 illius

274 4037 297 4074 t.
318 4023 354 4076 n.
372 4022 442 4076 cett.
457 4021 537 4080 noct.
557 4010 636 4077 trite.
648 4023 686 4076 ab
710 4024 770 4092 111,
782 4042 805 4078 a.
821 4023 846 4079 3.
