2796 4902
242 408 283 458 ta
466 391 589 466 tusTt
611 391 742 466 LIPSII
766 393 1061 465 DISSERTATIO

238 506 337 573 Addit
347 510 413 576 imo
427 513 562 601 amplius
576 513 630 579 ille
642 519 794 606 scriptor,
805 539 841 583 ea
853 533 943 582 aetate
957 516 1100 582 soluisse
1114 531 1151 580 ut
1164 515 1293 581 Cicero-

239 637 314 680 nem
327 617 433 704 ipsum
446 618 558 684 audire
571 625 714 711 potuerit
729 624 968 690 declamantem.
990 623 1099 689 Verba
1124 625 1191 711 ejus
1216 627 1295 686 sunt'

238 721 424 810 praefatione
432 726 551 814 prima:
561 728 696 794 «Omnes
704 747 812 796 autem
819 731 925 820 magni
934 731 1072 795 nominis
1087 729 1166 794 mibi
1179 728 1294 794 videor

241 857 255 884 ι
271 827 446 912 audivisse,
456 848 573 920 praeter
582 835 782 901 Ciceronem.
795 835 865 902 Nec
874 837 1064 902 Ciceronem
1073 835 1206 925 quidem
1220 849 1295 900 aetas

241 964 255 990 ι
271 935 350 999 mihi
364 937 541 1026 eripuerat,
563 940 620 1006 sed
640 942 801 1008 bellorum
823 943 962 1009 civilium
982 943 1092 1025 furor,
1112 944 1169 1032 qui
1188 955 1297 1006 toturn

242 1069 257 1098 ι
269 1041 383 1106 orbem
398 1046 640 1136 pervagabatur.
663 1048 753 1114 Intra
776 1049 935 1115 coloniam
953 1071 1057 1114 meam
1072 1071 1125 1114 me
1140 1046 1296 1113 continui.

243 1175 257 1202 ι
273 1147 404 1236 Alioqui
417 1153 592 1239 potuissem
602 1177 677 1219 eum
691 1155 815 1220 audisse
828 1156 861 1220 in
874 1155 929 1220 illo
943 1154 1056 1219 atriolo
1067 1203 1076 1238 ,
1087 1153 1120 1217 in
1133 1177 1199 1242 quo
1214 1151 1300 1216 duos

245 1284 258 1310 ι
275 1255 409 1344 grandes
420 1275 621 1348 praetextatos
637 1263 679 1327 ait
693 1285 803 1329 secum
815 1263 994 1327 declamare
1005 1262 1147 1327 solitos.»
1160 1260 1212 1326 Ne
1227 1259 1300 1348 quis

244 1362 338 1443 mibi,
363 1387 486 1451 quaeso,
520 1367 561 1432 ad
584 1369 674 1434 hunc
694 1369 803 1434 locum
825 1370 958 1434 nebulas
981 1384 1038 1434 aut
1058 1390 1168 1457 nugas.
1192 1367 1246 1431 Ait
1261 1353 1302 1430 ¹se

245 1467 435 1535 Ciceronem
449 1471 561 1538 audire
575 1475 717 1562 potuisse
735 1474 965 1540 declamantem
978 1496 1053 1540 cum
1069 1473 1198 1538 duobus
1212 1493 1303 1561 gran·

246 1572 340 1639 dibus
351 1579 554 1664 praetextatis.
565 1580 592 1643 Ii
609 1579 743 1645 fuerunt
757 1580 879 1647 Hirtius
893 1597 925 1645 et
936 1580 1117 1645 Dolabella:
1128 1601 1210 1667 quos
1225 1576 1302 1642 ideo

245 1677 362 1746 ludens
382 1682 426 1747 sic
449 1684 601 1774 appellat,
618 1687 693 1775 quia
708 1703 786 1752 tunc
797 1688 830 1751 in
847 1702 1001 1777 praetexta
1013 1703 1089 1776 toga
1103 1702 1209 1767 erant,
1222 1699 1254 1748 et
1267 1682 1303 1748 in

247 1786 440 1875 magistratu.
459 1791 597 1880 Eosper
612 1792 733 1857 bellum
749 1793 840 1858 civile
856 1793 1000 1878 Caesaris,
1020 1795 1133 1858 Cicero
1159 1791 1214 1880 (ut
1234 1793 1306 1879 ipse

248 1893 322 1958 abbi
332 1895 393 1985 ait)
406 1897 532 1964 dicendi
544 1899 715 1990 discipulos
726 1902 857 1984 habuit,
869 1900 1015 1968 coenandi
1029 1901 1203 1990 magistros.
1223 1897 1306 1987 Vide

249 2023 317 2096 quo
329 2017 453 2069 aetatem
465 2029 554 2072 suarn
566 2007 727 2097 producat
738 2007 792 2074 ille
806 2010 943 2098 scriptor
953 2021 973 2074 ¹.
987 2008 1073 2073 Ante
1082 2007 1211 2070 Caesaris
1222 2027 1309 2068 mor-

251 2120 318 2172 tem
329 2131 396 2175 non
410 2111 517 2177 solum
532 2130 626 2178 natus
636 2114 734 2180 fuisse
751 2113 880 2197 debuit,
892 2113 1052 2180 sedetiam
1064 2118 1165 2178 annos
1183 2111 1307 2199 aliquot

250 2212 399 2281 babuisse
411 2217 568 2308 legitimos
577 2219 618 2285 ad
629 2219 828 2286 audiendum
839 2222 1039 2286 Ciceronem.
1052 2216 1227 2303 Quomodo
1238 2218 1310 2283 haec

254 2321 322 2404 aevi,
330 2337 367 2387 ut
381 2325 426 2389 sic
442 2325 553 2410 dicam,
562 2327 720 2418 granditas
734 2325 826 2392 cadet
836 2327 869 2391 in
881 2327 971 2393 bunc
985 2341 1132 2392 nostrum
1146 2325 1311 2404 Senecam,

215 2427 225 2433 ’
254 2430 311 2518 qui
335 2445 483 2498 mortuus
502 2433 579 2498 Silio
605 2449 637 2498 et
657 2435 764 2500 Attico
782 2433 994 2515 Consulibus,
1007 2445 1154 2497 extremo
1173 2429 1312 2519 imperio

254 2535 413 2622 Neronis;
434 2538 466 2604 id
493 2555 556 2624 est,
577 2564 637 2605 cxv
660 2539 750 2606 annis
774 2557 848 2632 post
866 2541 956 2606 illurn
984 2535 1113 2604 sevum?
1132 2535 1198 2601 Sed
1225 2535 1314 2599 enim

256 2661 434 2710 occurrunt
445 2646 523 2712 huic
538 2650 601 2730 rei;
616 2663 648 2712 et
658 2648 753 2730 vixit,
770 2647 939 2736 inquiunt,
954 2646 1076 2712 Seneca
1095 2665 1196 2708 annos
1220 2663 1315 2722 cxrr;

251 2749 307 2815 alii
332 2754 427 2818 etiam
451 2753 627 2834 liberalius,
652 2775 764 2834 οπως
786 2755 829 2819 ita
854 2754 939 2817 enim
964 2753 1108 2818 scribunt
1140 2749 1255 2840 passim
1279 2747 1314 2812 in

256 2855 390 2923 historia
411 2861 479 2945 ejus
499 2861 582 2925 ritae.
597 2860 753 2923 Homines
767 2859 1028 2949 praestigiatores!
1045 2873 1079 2922 et
1092 2879 1158 2947 prae
1172 2876 1317 2943 quorum

259 2977 327 3026 arte
342 2963 375 3026 in
399 2965 615 3052 recoquendis
633 2966 763 3030 senibus
785 2963 864 3029 nihil
884 2965 923 3028 sit
941 2961 1067 3030 Medea.
1084 2960 1148 3026 Sed
1160 2960 1239 3049 quid
1257 2981 1318 3024 nu·

259 3069 396 3160 gantur?
412 3068 502 3134 Cedo
514 3071 592 3136 mihi
604 3085 770 3136 auctorem
785 3071 926 3160 aliquem
936 3070 1033 3157 hujus
1043 3083 1108 3134 tam
1123 3066 1317 3157 prodigiosae

260 3177 442 3242 senectutis.
473 3175 551 3243 Non
573 3177 707 3245 dabunt.
723 3179 868 3261 Tacitus,
894 3178 952 3268 qui
975 3177 1084 3242 fautor
1111 3161 1256 3256 Senecoe,
1284 3189 1320 3237 et

259 3279 335 3346 ideo
351 3281 484 3374 diligens
505 3285 540 3348 in
562 3287 626 3351 vita
655 3289 724 3373 ejus
752 3283 910 3351 narranda
928 3297 1095 3363 srmone,
1119 3282 1218 3348 senile
1249 3281 1319 3367 ejus

260 3410 380 3480 eorpus
408 3389 521 3456 dixisse
558 3407 730 3458 contentus
767 3391 829 3456 luit
848 3413 857 3455 :
881 3387 1036 3480 grandem
1068 3388 1169 3468 hanc,
1189 3401 1221 3450 et
1249 3407 1319 3449 non

261 3495 358 3586 longe
369 3521 387 3562 a
399 3497 554 3563 miraculo
566 3513 779 3580 aetatem,non
791 3496 923 3586 attingit.
937 3495 1009 3560 lmo
1018 3508 1131 3560 contra
1144 3491 1231 3582 apud
1242 3513 1321 3556 eum

262 3605 406 3692 reperio,
429 3603 513 3670 libro
526 3627 583 3686 xv,
595 3605 629 3670 in
640 3604 787 3669 oratione
796 3602 937 3668 Neronis
949 3601 1105 3666 Senecam
1114 3599 1324 3686 alloquentis:

265 3737 278 3764 ι
292 3709 350 3773 Est
366 3709 442 3792 tibi,
455 3711 575 3799 inquit,
597 3710 707 3777 adhuc
727 3708 833 3775 valida
856 3723 946 3790 etas,
971 3708 1137 3795 rebusque
1150 3720 1183 3769 et
1199 3704 1324 3770 fructui

231 3897 236 3903 .
266 3835 405 3878 ererum
429 3815 601 3884 sufficiens.
619 3815 771 3896 -valida,
796 3817 840 3881 ait
861 3831 934 3880 aetas
950 3830 1005 3880 :et
1028 3813 1093 3880 hoc
1114 3810 1225 3903 paucis
1247 3823 1325 3875 ante

263 3917 384 3985 caedem
396 3925 464 4008 ejus
474 3923 574 3990 annis.
585 3924 650 4007 Qui
662 3923 815 3990 convenit
825 3922 933 3987 hocin
942 3921 1068 3986 senium
1080 3936 1145 3986 tam
1155 3915 1326 3984 effoetum?

266 4023 332 4090 Sed
360 4028 480 4092 ventilo
501 4051 581 4119 ego,
608 4046 640 4094 et
659 4047 763 4096 tracto
785 4028 894 4096 adhuc
912 4027 1032 4093 lusoria
1061 4047 1148 4092 arma
1167 4019 1275 4112 :quid
1298 4025 1327 4090 ai

269 4131 375 4199 doceo
382 4133 537 4202 Senecam
548 4151 660 4204 natum
669 4157 737 4204 non
745 4135 843 4206 fuisse
854 4134 1011 4204 Cicerone
1020 4131 1240 4200 vivolNoune
1250 4151 1325 4222 per-
