2796 4902
246 328 308 394 DE
334 328 464 396 AUCT.
491 330 548 396 ET
571 329 771 398 DECLAM.
799 330 1008 400 RATIONE.
1100 333 1144 402 33

96 445 252 510 Ciceronis
262 448 417 537 aequalem
426 449 597 530 Senecam,
610 452 653 514 sic
666 467 699 514 ει
707 450 785 515 illud
798 448 971 516 commune
979 451 1146 518 habuisse:

96 569 221 618 matrem
244 556 395 620 nimirum
424 557 468 620 M.
504 557 600 622 Tullii
631 557 781 636 Elbiam,
809 559 874 621 sive
907 559 1057 623 Helviam
1081 577 1148 624 esse

97 659 223 742 (hetam,
250 663 343 726 utin
370 664 537 728 Chronicis
561 665 765 745 Eusebianis,
792 680 824 728 et
839 665 927 730 Pauli
951 665 1084 732 Diaconi
1108 669 1148 732 ad

95 767 284 856 Eutropium
301 769 540 852 additamentis,
557 787 589 834 et
602 796 621 835 a
639 771 813 835 Plutarcho
829 771 861 836 in
876 773 1028 837 Romanis
1047 799 1148 863 quaes·
1216 817 1222 841 t

97 872 231 938 tionibus
239 875 523 964 appellatur(nam
538 877 571 940 in
586 877 648 940 vita
659 881 726 963 ejus
737 877 820 941 male
827 877 991 966 hodieque
1015 879 1148 963 ὀλέίαν,

97 997 150 1062 pro
167 975 282 1048 Ὲλὸίαν
296 979 425 1067 edunt);
434 981 477 1044 sic
495 995 527 1044 et
538 981 649 1044 Annaei
661 979 789 1044 Senecae
799 979 984 1068 philosophi
998 995 1148 1062 matrem,

95 1079 219 1148 Senecae
243 1086 347 1150 nostri
364 1097 519 1168 uxorem,
541 1087 691 1152 Helbiam
712 1087 846 1170 dictam,
870 1087 903 1151 in
923 1087 1059 1175 antiquis
1083 1087 1150 1173 qui·
1224 1075 1234 1086 “

96 1190 181 1272 dem,
205 1207 237 1254 et
256 1193 385 1280 optimis
403 1194 614 1276 membranis3
638 1209 721 1274 nott,
745 1210 782 1257 ut
801 1194 898 1284 vulgo
919 1193 1041 1274 editur,
1060 1191 1151 1256 Albi-

93 1321 180 1379 nam,
190 1298 234 1362 ad
245 1322 344 1386 quarn
356 1315 388 1362 et
404 1297 458 1364 lilii
473 1300 675 1383 Consolatio,
692 1321 749 1364 seu
764 1301 795 1364 in
808 1300 947 1365 adversis
958 1299 1151 1387 alloquium,

94 1403 326 1470 circumfertur.
353 1405 492 1470 Patriam
517 1424 649 1495 quoque
678 1405 861 1472 Cordubam
887 1407 1051 1486 habuisse,
1081 1427 1152 1492 quae

94 1511 211 1573 Bteticae
234 1510 312 1576 urbs
336 1511 470 1576 Patricia
493 1513 554 1577 col.
581 1511 784 1601 indigetatur.
807 1511 931 1576 Verum
954 1510 993 1575 atl
1019 1533 1088 1573 rem
1117 1527 1153 1572 ut

95 1616 237 1698 redeam,
258 1640 300 1681 ne
311 1641 439 1684 summo
447 1623 521 1706 jure
537 1643 612 1686 cum
628 1619 935 1710 adversariisagere,
950 1617 1033 1683 etad
1045 1618 1153 1680 vivum

95 1747 236 1788 resecare
254 1725 363 1789 omnia
381 1724 505 1808 videar,
523 1726 636 1792 demus
656 1743 758 1791 annos
778 1727 947 1791 minimum
965 1725 1078 1792 decem
1097 1747 1152 1788 na-

100 1845 165 1893 tum
183 1831 353 1894 rhetorem
370 1830 633 1912 Cordubensem,
657 1855 697 1896 eo
717 1833 870 1896 nimirum
888 1849 975 1896 anno
997 1854 1060 1920 710
1082 1846 1154 1918 post

97 1935 131 2000 U.
151 1937 186 2001 C.
207 1949 276 2023 quo
293 1935 407 2001 Cicero
431 1938 472 2002 ab
491 1939 636 2002 Antonio
658 1955 704 2003 est
727 1937 914 2004 interfectus
934 1961 941 2002 :
964 1956 1153 2021 excurrent,

96 2038 150 2100 nisi
165 2060 219 2101 me
232 2039 374 2104 calculus
392 2033 485 2122 fallit,
504 2040 546 2105 ad
561 2041 701 2106 Neronis
715 2041 842 2130 imperii
859 2039 1083 2120 undecimum,
1099 2041 1155 2127 qui

98 2159 140 2207 est
155 2143 237 2226 818,
257 2162 389 2210 centum
404 2163 435 2210 et
451 2144 671 2236 duodeviginti
683 2149 767 2212 anni.
790 2147 912 2211 Verum
933 2147 975 2211 ad
994 2146 1156 2211 Tiberiani

97 2249 220 2337 imperii
237 2265 381 2332 sextum,
408 2275 475 2338 quo
495 2253 596 2316 exacti
617 2251 721 2333 Italia,
742 2253 1042 2340 in-Sardihiamque
1059 2253 1155 2341 pesti·

99 2353 214 2420 lentem
229 2356 367 2421 insulam
378 2356 537 2446 'deportati
552 2360 568 2422 J
571 2358 667 2440 odaei,
684 2359 801 2424 absunt
814 2360 983 2424 minimum
1002 2361 1076 2422 anni
1089 2357 1156 2422 duo

99 2475 128 2524 et
143 2464 327 2551 sexaginta:
348 2487 445 2550 quam
464 2464 550 2552 quis,
567 2465 718 2546 obsecro,
735 2466 904 2528 Iuventam
920 2481 951 2528 ει
967 2485 1034 2527 non
1049 2464 1157 2552 potius

99 2567 376 2649 santumnium
397 2569 577 2658 fessamque
591 2585 715 2634 aetatem
735 2569 892 2658 appellet?
908 2568 1069 2656 Equidem
1091 2589 1157 2631 non

99 2669 236 2752 inficior,
252 2670 471 2736 adolescentes
489 2671 647 2760 quosdam
665 2669 706 2735 ad
726 2670 921 2736 tricesimum
944 2689 1083 2756 usquea
1106 2669 1157 2730 Cir

99 2791 218 2841 cetone
231 2778 422 2866 appellatos:
441 2777 498 2843 sed
510 2779 566 2866 qui
577 2777 713 2843 alterurn
733 2791 876 2856 tanturn,
892 2791 924 2838 et
941 2774 1032 2862 quod
1044 2797 1156 2838 excur-

101 2885 154 2966 rit,
166 2885 337 2967 attribuat,
354 2885 492 2949 arbitror
503 2884 600 2949 fuisse
613 2884 785 2948 neminem.
802 2882 867 2946 Sed
883 2883 982 2971 agite,
1005 2883 1159 2970 quoniam

98 2993 179 3074 jacta
197 3006 245 3054 est
261 2991 344 3072 alea,
362 3007 484 3055 etcum
501 2991 719 3080 pervicacibus
735 2990 828 3054 nobis
844 3011 895 3053 res
911 3005 974 3069 est,
993 2989 1101 3077 plura,
1118 3008 1160 3051 ne

101 3112 164 3160 tam
181 3121 370 3180 numerare,
381 3121 478 3188 quam
490 3115 653 3170 momenta
665 3098 825 3162 rationum
837 3095 1022 3185 appendere
1033 3094 1158 3176 videar,

102 3221 291 3292 argumenta
306 3205 517 3294 proferamus

145 3309 186 3372 ln
203 3309 316 3374 eadem
329 3310 432 3375 illaad
449 3311 606 3375 Lucilium
619 3310 707 3398 epist.
720 3309 840 3372 Tiberii
855 3331 889 3374 se
903 3309 1039 3398 imperio
1051 3309 1162 3370 Romat

105 3414 201 3480 luimc
219 3417 261 3481 ait
281 3439 290 3480 ι
310 3440 377 3482 non
398 3418 495 3507 igitur
514 3417 547 3480 in
572 3417 697 3484 colonia
719 3415 921 3480 Cordubensi
945 3430 1104 3504 perpetuo
1127 3433 1161 3474 se

106 3517 279 3598 continuit,
297 3519 331 3582 in
351 3519 421 3608 ipso
443 3519 604 3583 bellorum
628 3518 766 3582 civilium
787 3519 899 3582 furore
919 3515 1035 3605 :quod
1056 3531 1162 3578 tamen

106 3623 235 3688 Seneccc
251 3641 364 3689 nostro
378 3624 420 3689 de
439 3648 474 3690 se
488 3625 579 3690 Praei.
596 3625 894 3689 Controuersiarum
912 3621 1082 3688 affirmanti
1097 3643 1164 3687 cre·

107 3725 183 3792 dere
193 3731 350 3819 cogimur.
362 3732 489 3796 Tacitus
500 3747 652 3820 preterea
664 3731 748 3794 Ann.
756 3731 834 3794 XVI
843 3753 850 3794 :
859 3762 872 3786 a
882 3732 1032 3810 Annaeus,
1042 3729 1163 3816 inquit,

109 3833 219 3900 «Mela
239 3859 339 3925 eques
359 3838 397 3902 R.
411 3835 571 3927 'dignitate
591 3825 764 3918 senatoria,
786 3837 902 3923 quibus
915 3835 1035 3919 Gallio,
1059 3852 1091 3899 et
1114 3835 1165 3899 Sc·

108 3967 121 3989 2
138 3958 218 4002 neca
240 3940 428 4027 parentibus
451 3957 560 4020 natus,
583 3940 738 4029 petitione
764 3939 930 4004 honorum
954 3939 1164 4020 abstinuerat,

109 4065 197 4129 ·pcr
214 4045 422 4109 ambitionem
443 4063 684 4134 praeposteram,
709 4060 746 4111 ut
766 4067 866 4132 eques
886 4045 924 4108 R.
942 4043 1166 4110 consularibus

161 4167 180 4204 ι.
193 4145 308 4210 Scnccoe
316 4173 390 4232 pars
403 4155 537 4212 secunda.
957 4213 973 4231 ι
1056 4151 1073 4207 3
