2796 4902
590 648 729 720 lune.
758 645 988 718 sonorius

404 800 721 893 CANDIDO
770 795 1082 888 LECTORI
1131 791 1175 886 S.

496 981 738 1034 D!AVCT011‚E'1⁴
750 979 934 1020 uuctttttttut
948 977 1081 1018 ΙΑΉΟΠ.

723 1107 853 1126 *ι-

466 1260 528 1340 (Ea.-
547 1267 662 1320 editione
679 1264 897 1320 commetinmna
916 1281 993 1318 onoc
1021 1261 1114 1330 1502.)

307 1402 462 1494 Magnum
478 1405 643 1494 ingenium
654 1401 699 1470 Μ.
712 1402 825 1471 Arum
838 1401 1136 1483 Snnzcurlretorie,
1155 1399 1320 1468 limatumz
1375 1392 1376 1423 ¹

265 1530 330 1598 que
341 1509 516 1597 judicium;
533 1510 670 1586 maxime
690 1531 770 1581 vero
789 1508 946 1576 excellens
967 1510 1120 1574 memoria
1138 1507 1201 1574 luit
1218 1531 1226 1573 :
1244 1533 1318 1598 quae
1377 1539 1378 1558 κ

266 1637 308 1680 ex
321 1616 504 1683 Stoicorum
521 1616 691 1696 sententia,
707 1636 817 1680 rerum
840 1632 887 1680 est
903 1616 1149 1704 praeteritarum,
1168 1637 1317 1704 compre·
1378 1611 1380 1690 s

180 1709 182 1714 ⁵
211 1727 215 1736 '
265 1721 989 1811 heusarumqueperceptio:cujueexercendae
998 1724 1105 1812 gratia,
1113 1721 1323 1812 Pythagorei²

265 1828 345 1917 quid
368 1852 499 1918 quoque
522 1827 574 1894 die
596 1828 775 1912 audissent,
802 1829 970 1911 vidissent,
997 1830 1161 1919 legissent,
1191 1830 1322 1918 vesperi

265 1959 519 2018 commemorare
529 1937 676 2002 solebant
689 1959 697 2004 :
709 1961 773 2026 qua
784 1961 915 2004 omnem
926 1939 1087 2004 scientiam
1098 1936 1323 2026 Plato(quam

265 2041 521 2108 recordationem
539 2065 607 2108 esse
622 2041 811 2126 definiebat,
826 2045 958 2126 tabulae,
972 2045 1117 2133 corporis
1131 2043 1217 2110 mole
1236 2043 1321 2108 obli·

263 2163 390 2234 terat'e,
405 2165 547 2222 mentem
561 2150 768 2240 comparans)
781 2151 940 2218 contineri
951 2151 1155 2216 existimabat.
1168 2149 1244 2214 llaec
1255 2147 1324 2214 fida

265 2269 388 2339 custos,
400 2255 634 2344 thesaurosque
649 2279 759 2322 rerum
768 2257 1039 2345 omnium,quurn
1048 2254 1276 2346 philosophie,
1289 2270 1325 2320 et

261 2361 536 2451 jurispmdentiae,
555 2366 648 2451 cujus
666 2366 798 2454 propria
818 2386 856 2429 ea
883 2363 1129 2454 esselcreditum
1147 2377 1217 2428 tum
1239 2383 1329 2426 vero

161 2494 166 2504 ·
264 2469 400 2535 maxime
412 2471 558 2536 oratorie
574 2487 621 2536 eet
635 2471 812 2538 necessaria
827 2492 836 2536 t
852 2469 942 2559 quod
957 2469 1109 2552 inventis,
1123 2468 1326 2557 excogitatis·

264 2596 329 2662 que
341 2576 453 2658 rebus,
468 2593 500 2640 et
515 2575 629 2642 ordine
643 2577 823 2659 collocatis,
835 2577 942 2645 verbio
961 2575 1102 2665 denique
1116 2575 1238 2655 electis,
1254 2596 1328 2638 om·

265 2679 332 2761 uia,
344 2681 438 2746 etiam
460 2682 626 2770 preclara,
638 2683 706 2748 siue
723 2681 879 2749 memoria
892 2681 955 2748 sint
974 2681 1126 2770 peritura.
1145 2681 1225 2744 Eam
1239 2701 1327 2743 vero

266 2787 452 2852 memoriam
465 2787 564 2852 fuisse
574 2810 664 2854 suam
675 2788 797 2854 Seneca
814 2786 981 2875 praedicat,
997 2809 1069 2875 quae
1085 2809 1152 2854 nou
1168 2784 1208 2850 ml
1224 2807 1329 2850 usum
1357 2843 1360 2850 .

266 2891 366 2957 modo
376 2891 557 2975 sufficeret,
582 2893 639 2958 sed
656 2895 689 2958 in
705 2892 897 2974 miraculum
912 2915 1015 2981 usque
1035 2890 1227 2981 procederet
1238 2913 1247 2956 ε
1259 2913 1331 2956 nec

266 3011 391 3062 tantum
406 2997 448 3064 ad
461 2998 720 3087 complectenda,
742 3023 813 3090 quae
834 3000 945 3082 vellet,
967 3000 1062 3066 velox
1085 3014 1182 3079 easet,
1202 2995 1260 3062 aed
1279 2995 1331 3064 ad

267 3102 461 3168 continenda
473 3104 582 3186 etiam,
605 3127 677 3193 quae
693 3121 874 3195 acceperat,
894 3105 1051 3174 fidissima.
1066 3103 1227 3192 Equidem
1240 3101 1331 3168 dum

267 3208 407 3274 Annales
427 3225 552 3276 veteres
566 3212 697 3296 evolvo,
716 3213 793 3301 Cyri
807 3213 996 3284 mernorianr
1017 3233 1081 3300 qua
1097 3210 1232 3276 militum
1252 3229 1332 3272 orn-

267 3314 358 3380 nium
375 3316 506 3382 nomina
523 3318 669 3400 tenebat,
693 3319 884 3386 celebratam
902 3317 1049 3399 memini,
1064 3317 1173 3394 Ciueael
1187 3338 1332 3404 quoque

267 3419 385 3510 Pyrrhi
400 3422 483 3511 regie
498 3421 608 3513 legati,
632 3425 688 3513 qui
706 3424 737 3490 S.
759 3427 795 3490 P.
816 3426 857 3507 Q.
879 3427 919 3490 lt.
938 3425 1060 3554 qbeque
1079 3421 1332 3488 nomenclatore

267 3550 328 3594 ouo
351 3549 514 3616 quemque
535 3530 667 3594 nomine
689 3530 867 3619 appellabat
881 3554 890 3612 ς
906 3529 1093 3611 Simonidis,
1116 3529 1179 3617 qui
1197 3528 1333 3617 primus

268 3633 445 3716 memoriae,
461 3656 525 3724 qua
539 3635 715 3723 plurimum
729 3636 870 3718 valebat,
883 3651 985 3700 artem
1000 3635 1151 3725 protulit;
1173 3633 1330 3698 Themis-

269 3738 377 3820 toclis,
396 3739 452 3828 qui
465 3739 545 3804 nihil
559 3725 705 3829 unquam
721 3742 857 3824 audivit,
870 3741 960 3831 quod
976 3765 1042 3806 non
1061 3741 1222 3806 memoriae
1232 3741 1333 3828 peni-

181 3877 189 3887 ·
270 3857 323 3906 tus
336 3843 486 3913 insederit
499 3871 507 3928 ;
521 3847 683 3912 Hortensii
699 3847 856 3936 denique,
874 3849 929 3937 qui
943 3869 996 3930 ea,
1013 3869 1084 3936 quae
1104 3869 1213 3912 secum
1230 3867 1331 3911 cotn-

271 3963 431 4021 mentatua
445 3966 543 4033 esset,
556 3953 624 4018 sine
634 3953 770 4043 scripto,
785 3955 889 4020 verbis
900 3952 1013 4030 iisdem
1026 3951 1202 4020 reddebat:
1212 3967 1332 4034 temen

271 4049 360 4118 haud
372 4053 454 4135 ecio,
467 4079 504 4120 an
518 4061 705 4146 cujusquam
716 4076 781 4126 tam
793 4058 950 4128 excellens
960 4061 1129 4144 memoria,
1139 4079 1235 4148 quam
1244 4079 1338 4138 cumi
