2796 4902
274 352 314 436 id
497 351 618 418 JUSTI
643 347 772 417 LIPSlI
795 345 1089 418 DISSERTATIO

268 494 344 540 nem
362 471 518 540 distribui.
542 470 646 536 Velim
667 469 754 534 idem
769 471 808 536 sit
826 469 861 534 in
878 471 928 534 his
943 468 1040 538 libris.
1061 469 1213 554 Quorum
1226 471 1321 561 proll-

269 602 350 647 uens
377 596 409 644 et
425 578 555 668 copiosa
577 577 692 658 dictio,
714 592 840 642 tantum
861 577 951 642 abest
963 599 983 640 a
1004 577 1133 644 Senecae
1155 595 1266 668 arguta
1287 595 1321 644 et

269 689 396 753 concisa
434 684 641 774 eloquentia,
670 698 828 771 quantum
852 683 1043 748 Homericus
1077 684 1130 749 ille
1162 685 1281 752 Nestor
1301 711 1320 752 a

269 793 429 859 Menelao.
476 863 479 870 ,
845 820 863 868 ρ

313 901 394 982 Quis
405 899 501 964 falsus
517 898 662 988 scriptor,
679 899 751 962 satis
767 896 908 974 dictum:
924 887 1026 962 dicam
1042 899 1114 985 quis
1124 921 1229 964 verus.
1241 900 1320 965 Tarn

269 1008 354 1072 clare
370 1006 525 1095 idipsum,
541 1019 578 1068 ut
600 1005 625 1068 si
647 1003 726 1092 quid
744 1004 806 1068 bac
830 1018 921 1092 parte
941 1025 1062 1086 errem,
1086 1029 1153 1070 non
1175 1029 1321 1072 recusem

271 1114 349 1202 quin
365 1112 459 1178 Fides
473 1119 615 1176 aversan
631 1111 729 1174 mein
748 1132 845 1174 omne
856 1129 969 1174 aevum.
987 1111 1023 1174 1,
1042 1111 1182 1176 Annaeus
1202 1111 1322 1176 Seneca

222 1266 227 1278 ι
270 1221 483 1309 philosophus
494 1235 618 1308 patrem
630 1217 743 1282 habuit
758 1218 889 1282 nomine
902 1233 934 1281 et
947 1219 1140 1305 cognomine
1155 1218 1277 1284 eodem.
1290 1220 1323 1284 Is

272 1325 370 1390 domo
387 1325 540 1390 Corduba
551 1325 627 1406 luit3
638 1324 854 1412 professione,
864 1325 987 1388 rhetor.
1004 1324 1107 1390 Natus
1117 1339 1192 1388 ante
1202 1325 1323 1390 bellum

271 1433 362 1498 civile
369 1428 826 1518 Caesarianum,supervixitad
836 1427 959 1494 Claudii
966 1428 1091 1494 circiter
1099 1430 1322 1519 principatum:

270 1539 338 1603 sine
353 1539 551 1619 honoribus,
567 1552 598 1600 et
609 1559 675 1600 non
687 1535 773 1600 aliud
784 1558 879 1623 quam
888 1536 1088 1624 provincialis
1102 1559 1209 1623 eques.
1220 1538 1251 1602 ls
1258 1541 1324 1624 jam
1364 1609 1371 1618 ,

271 1667 370 1709 senex
385 1667 452 1708 non
468 1643 566 1710 dubie
581 1641 651 1736 liliis
663 1641 727 1708 suis
742 1642 883 1730 scripsit,
900 1658 955 1707 aut
971 1641 1100 1708 dieram
1115 1644 1241 1732 potius,
1263 1645 1325 1712 hos

272 1752 328 1839 qui
350 1765 523 1838 supersunt
542 1749 841 1814 Controuersiarum
853 1749 1120 1814 etSuason'arum
1133 1749 1240 1815 libros.
1261 1748 1326 1818 Sed

272 1857 352 1920 utin
371 1856 474 1922 Plauti
492 1853 617 1936 fabula,
640 1857 724 1920 inter
739 1854 821 1921 duos
837 1855 1129 1949 Menaechmos‚sic
1147 1857 1233 1920 inter
1243 1854 1327 1922 duos

272 1962 408 2027 Senecas
419 1961 610 2028 confusione
625 1962 793 2026 nominum
809 1977 900 2027 ortus
915 1985 1015 2027 error.
1028 1963 1163 2030 Tn'buta
1176 1963 1236 2044 illi,
1252 1985 1329 2050 quae

273 2071 370 2155 hujus
393 2086 501 2135 erant:
515 2085 547 2134 et
569 2070 710 2134 claritate
732 2070 829 2134 nimia
850 2069 904 2134 filii
928 2071 1085 2136 obscurus
1100 2087 1191 2159 puter
1208 2071 1327 2152 bodie,

272 2177 338 2239 imo
354 2176 494 2266 ignotus.
516 2177 707 2241 Memoriam
724 2177 803 2241 boni
822 2178 905 2240 senis
922 2177 1086 2265 fugitivam
1098 2177 1251 2265 (impune
1263 2177 1331 2244 hoe

274 2282 426 2372 direrim)
450 2284 573 2372 primus
599 2284 761 2348 retraham
781 2305 852 2372 ego.
870 2284 965 2369 Ejus,
981 2285 1133 2372 inquam,
1151 2284 1280 2349 Senecae
1293 2285 1331 2348 bi

273 2389 354 2455 libri.
368 2391 481 2456 Doceo
494 2413 534 2458 ex
545 2407 650 2456 aetate:
662 2415 733 2478 quae
743 2392 824 2478 patri
836 2391 1005 2470 convenit,
1023 2389 1221 2458 disconvenit
1232 2391 1329 2479 proli.

273 2495 386 2562 Doceo
398 2519 437 2560 ex
448 2497 670 2586 inscriptione,
684 2520 755 2584 quae
765 2498 798 2560 in
811 2498 961 2562 omnibus
971 2497 1074 2578 libris,
1085 2499 1177 2562 etiarn
1189 2498 1331 2585 scriptis,

273 2605 513 2693 concipiturzL.
540 2607 653 2670 Annaei
675 2605 820 2686 Senecae,
844 2604 885 2669 ad
907 2605 1270 2686 Senecam,Noratum,
1297 2622 1333 2670 et

272 2709 391 2774 Melam
407 2709 497 2776 filios.
515 2711 756 2800 Optime-Inter
766 2726 831 2774 tres
842 2709 923 2775 filios
939 2733 1022 2798 quos
1035 2711 1334 2793 nominat,Seneca

272 2816 486 2906 philosophus
499 2833 560 2882 est:
569 2816 685 2904 reliqui
697 2819 764 2901 ejus
775 2816 899 2882 fratres.
906 2817 1046 2882 Stemma
1056 2817 1134 2885 talei

433 2977 465 3031 L.
480 2973 536 3053 (vel
546 2979 636 3050 potius
649 2972 705 3052 Μ.)
720 2979 838 3031 Annaeus
853 2975 969 3046 Seneca,
985 2979 1031 3049 qui
1045 2977 1147 3032 rhetor.

323 3089 326 3096 “
431 3073 524 3142 uthis,
538 3073 597 3145 ejus
610 3092 686 3128 uxor.
807 3079 810 3086 '

433 3269 464 3324 L.
480 3270 599 3326 anneus
611 3271 728 3340 Seneca,
738 3275 784 3345 qui
798 3273 988 3345 Philosophus.

432 3369 551 3424 Annaeus
562 3369 696 3438 Novana,
710 3371 789 3426 aliter
798 3371 895 3426 lunius
909 3369 1008 3425 Gallio.

435 3466 553 3523 Annuus
564 3467 637 3522 Mela
648 3507 656 3535 ,
667 3469 723 3520 sive
735 3467 833 3535 Mella,
846 3477 923 3540 pater
933 3469 1045 3528 Lucam.

272 3639 360 3723 Quid
371 3644 437 3727 jam
451 3641 687 3729 clarius,quam
696 3639 826 3705 Senecae
835 3643 932 3730 patris
942 3665 1010 3708 esse
1021 3643 1090 3710 haee
1101 3644 1336 3732 scriptal'lllam

273 3747 351 3834 quin
372 3745 524 3838 Melalille
532 3749 631 3812 frater
641 3747 769 3814 Senecae
783 3749 967 3838 philosophi
981 3751 1030 3830 sit,
1051 3773 1118 3816 non
1132 3751 1274 3841 ambiges
1290 3777 1336 3822 ex

274 3855 324 3918 his
336 3854 423 3920 locis.
440 3855 567 3921 Tacitus
577 3855 661 3921 libro
681 3879 736 3920 xvi
751 3857 961 3922 Annalium«
973 3856 1075 3938 Mela,
1092 3858 1209 3948 quibus
1224 3857 1336 3926 Gallio

275 3992 288 4016 ι
306 3976 338 4024 et
353 3961 473 4027 Seneca
489 3961 675 4052 parentibus
689 3979 798 4047 natus,
815 3965 969 4054 petitione
981 3964 1146 4030 bonorum
1157 3965 1335 4034 abstinuit:

275 4097 287 4122 α
305 4089 364 4154 per
374 4067 581 4135 ambitionem
592 4087 833 4160 praeposteram,
846 4085 883 4134 ut
895 4092 994 4157 eques
1008 4071 1173 4136 Romanus
1183 4073 1337 4140 consula·
