2796 4902
266 425 312 478 ιι
576 397 714 470 JUSTO
739 381 896 501 Ltp'stc.
920 393 991 462 Μ’..

263 521 307 588 ris
320 531 469 586 evocatus
483 539 535 584 me
552 517 691 600 contuli,
716 520 849 610 ejusque
870 517 903 584 in
925 514 1139 582 coutubernio
1156 515 1201 604 sio
1213 516 1302 610 bosi,

263 643 301 692 ut
308 623 856 744 joca,serie,bibliothecem,atque
866 609 1305 690 edeomensmncommunem

263 755 331 800 csse
345 731 455 815 vellet,
469 744 507 797 ut
521 753 687 820 nunquam
702 730 762 797 uisi
752 725 953 803 doctiorem
966 751 986 794 a
998 749 1033 794 se
1047 727 1215 814 dimiserit,
1223 751 1306 796 eum

262 863 328 932 que
338 838 454 906 merito
462 839 600 930 parentis
611 839 699 922 loco,
709 834 788 902 dum
799 837 892 920 vixit,
904 851 941 902 ut
949 851 981 902 et
989 835 1117 902 funebri
1129 835 1307 921 laudatione
1386 861 1387 868 ¹

262 963 412 1014 testatum
427 947 561 1036 reliqui,
574 928 733 1012 duxerim.
742 945 816 1011 llic
813 945 969 1030 alterum,
982 944 1040 1010 sed
1054 945 1236 1035 Epitomes,
1252 966 1309 1010 seu

263 1055 501 1144 Excerptorum
511 1069 604 1132 vetus
606 1051 781 1144 exemplar
791 1068 919 1134 nectus,
935 1067 967 1118 et
977 1054 1077 1139 majus
1088 1053 1206 1134 otium,
1221 1067 1310 1118 notas

262 1162 360 1252 paulo
383 1161 549 1230 uberiores
560 1161 732 1249 conscripsi
742 1207 751 1242 ,
761 1157 852 1249 quod
863 1159 909 1226 M.
922 1159 997 1226 Ant.
1009 1157 1176 1257 Muretum
1188 1161 1309 1249 elegen·

262 1263 372 1328 tissimi
382 1263 488 1329 virum
498 1263 617 1352 ingenii
630 1263 691 1344 hos
706 1263 806 1328 libros
819 1261 952 1328 minime
972 1261 1124 1351 attigisse,
1144 1261 1311 1340 immature

264 1371 416 1435 nimirum
438 1357 543 1436 morte
560 1385 773 1461 praereptum,
789 1366 1094 1463 artimadvern'ssem:
1106 1389 1215 1458 neque
1228 1369 1312 1437 enim

264 1475 530 1542 ultumumterns
540 1475 814 1540 versannmrlurn
825 1490 1084 1540 mentemvemre
1093 1490 1260 1564 potuitne
1270 1496 1314 1542 ne

264 1605 324 1670 per
344 1597 549 1648 transennam
576 1579 707 1670 quidem
729 1600 925 1672 cognoscere
946 1581 1035 1646 licuit
1049 1581 1154 1680 elios
1145 1604 1178 1645 m
1194 1580 1314 1670 Gallie,

263 1688 498 1776 Germaniaque
520 1689 742 1754 annotationes
767 1688 888 1754 moliri:
901 1687 958 1776 qui
975 1703 1100 1753 tantum
1116 1689 1205 1752 abest
1218 1702 1254 1752 ut
1267 1689 1314 1753 lu·

263 1794 404 1858 minibus
418 1794 534 1860 nostris
555 1795 788 1877 obstruxerint,
805 1794 847 1860 ab
864 1791 1057 1884 edendoque
1079 1791 1315 1874 deterructint,

265 1897 356 1989 quod
370 1897 544 1989 praefiscirie
557 1901 644 1991 apud
655 1917 688 1966 te
698 1901 808 1983 liceat,
820 1915 858 1966 ut
868 1899 991 1973 crebris
1006 1901 1100 1964 etiam
1117 1900 1238 1982 litteris,
1248 1919 1316 1986 quo

265 2031 338 2074 mea
353 2009 439 2076 foras
454 2009 582 2094 darem,
602 2035 641 2078 ac
655 2033 747 2101 paene
766 2011 913 2082 convicio
937 2010 1080 2102 quodem
1103 2009 1314 2100 efflagitatus

263 2115 342 2200 Quo
355 2117 389 2180 in
408 2121 547 2184 numero
574 2133 607 2183 et
627 2118 827 2184 doctissimus
848 2113 971 2202 Faber,
998 2119 1054 2208 qui
1073 2117 1197 2206 scriptis
1218 2139 1318 2182 manu

265 2222 498 2313 exemplaribus
504 2222 963 2314 destitutus,prin1isduntaxat
976 2221 1169 2290 editionibus
1187 2222 1325 2302 instruc·⁴

264 2351 334 2418 tus,
368 2332 508 2425 εὐστοχίᾳ
525 2355 633 2404 tamen
644 2361 769 2405 summe
779 2339 916 2431 plurime
929 2338 1063 2404 vulnera
1077 2338 1206 2418 emovit.
1224 2339 1322 2404 Com·

217 2479 218 2484 1
238 2506 241 2512 ,
263 2442 373 2530 peravi
383 2443 491 2534 imque
502 2443 658 2510 Senecam
674 2443 802 2527 denuo,
818 2465 886 2509 ιιοιι
900 2465 968 2508 uno
985 2443 1226 2509 Govarruviano
1243 2465 1324 2510 con-

260 2563 372 2614 tentus
386 2551 573 2640 exemplari,
596 2549 686 2640 quod
702 2573 804 2640 grreca
816 2549 965 2640 sufficere
979 2571 1047 2618 non
1069 2565 1176 2638 posset
1191 2550 1323 2634 omitia,

265 2657 682 2722 cumtribusvetustissirnis
698 2656 1005 2723 codicibustllomee
1023 2639 1158 2746 quidem
1179 2655 1322 2746 degens,

266 2782 342 2825 cum
356 2760 511 2828 Vaticano
525 2762 696 2877 poptilicise
706 2761 910 2830 bibliothecis
923 2783 992 2826 uno
1003 2760 1045 2826 de
1054 2763 1161 2829 multis
1175 2764 1325 2853 optimo,

266 2862 500 2929 etvcneraudse
514 2863 727 2953 antiquitatis,
749 2879 782 2928 et
800 2886 876 2931 cum
894 2862 1197 2973 Augustoduneusi,
1221 2887 1325 2953 quem

265 2966 413 3033 codicem
421 2968 591 3066 antiquum
602 2967 734 3088 quidem
743 2968 850 3051 illum,
859 2961 960 3036 sed
927 2985 1012 3050 notes
1023 2992 1091 3035 non
1103 2970 1246 3064 optimae,
1253 2968 1323 3036 Jac.

264 3061 511 3165 Dslechampius
526 3074 670 3140 medicus
687 3073 834 3142 miserat:
844 3073 985 3164 denique
995 3077 1165 3166 Brugeusis
1180 3076 1327 3142 hominis

266 3179 469 3246 eruditissimi
495 3179 653 3247 beneficio
679 3197 831 3271 quartum
856 3197 983 3265 nactus,
1012 3197 1160 3248 accurate
1181 3183 1325 3249 invicem

265 3285 426 3367 commisi,
443 3301 477 3352 et
489 3287 598 3376 graecis
611 3287 783 3353 rhetorum
794 3286 886 3354 dictis
910 3289 1039 3355 lecunes
1053 3311 1183 3371 omnes,
1200 3288 1326 3375 hiatus·
1345 3327 1350 3334 ·

265 3414 331 3484 que
351 3391 461 3484 quoad
475 3396 543 3480 ejus
556 3392 657 3460 fieris
672 3415 725 3458 me
742 3395 863 3484 potuit,
885 3395 1027 3484 explevi,
1047 3395 1202 3464 consultis
1224 3396 1326 3462 etiam

266 3499 430 3567 interdum
452 3497 640 3565 doctissimis
661 3500 778 3568 amicis.
798 3500 925 3570 Dehinc
947 3501 1091 3567 laborem
1116 3517 1266 3568 nostrum
1287 3502 1326 3566 in

265 3605 398 3673 Gelliam
412 3606 560 3672 miserem
571 3605 768 3697 Lugdunum
778 3605 1043 3698 Segusiancrum,
1051 3619 1236 3696 'exertoque
1251 3609 1329 3693 jam

266 3711 509 3777 florentissimo
500 3737 534 3778 ιιι
548 3734 650 3804 regno
672 3711 830 3780 foderato
849 3714 936 3780 hello
954 3715 1194 3804 liotbomegum
1207 3729 1330 3803 partus

268 3819 440 3909 abripitur,
453 3819 615 3908 indeque
607 3843 640 3885 ιιι
652 3820 787 3910 patriam
800 3819 932 3888 tandem
941 3822 1099 3888 maritimo
1110 3822 1223 3887 itinere
1235 3818 1330 3885 dela-

191 3983 197 3996 ,
267 3943 336 4006 tus,
357 3941 394 3990 ut
415 3926 491 3991 belli
512 3925 732 4009 dammam,
708 3950 753 3993 stc
766 3927 1021 4048 naufmgium'
991 3951 1044 3994 ιιι
1063 3927 1168 3994 evasit.
1185 3926 1298 3993 Post'
1289 3953 1329 3992 ιιι

264 4031 331 4097 Ger
332 4031 436 4097 nutris
450 4032 690 4123 lumbifragium
701 4051 864 4117 metuens,
876 4035 1009 4125 propius
1025 4034 1144 4102 sactum
1158 4050 1204 4100 est
1218 4033 1327 4115 nihil,

265 4159 362 4226 quem
377 4153 415 4207 ut
430 4136 663 4208 domuitionem
685 4141 844 4231 peransin
866 4141 1004 4232 plagiarii
1025 4163 1138 4207 manus
1159 4083 1331 4210 inciderel
