2796 4902
422 359 559 471 annu.
585 383 828 476 sonemus.
1113 401 1158 472 23

103 521 189 613 apud
200 521 361 607 Noricos,
376 539 431 589 aut
442 521 587 589 funditus
606 522 735 612 periret.
751 518 897 587 Tandem
915 519 1103 610 aliquando,
1126 535 1164 588 te.

103 629 272 716 hortante,
286 633 426 698 maxime
440 629 540 720 lipsi,
552 631 641 694 ‘exiro
658 627 760 720 patiar
776 627 913 692 nominis
932 627 981 691 tui
1000 629 1159 718 auspicio,

104 759 174 826 que
188 737 330 806 sedecim
347 737 457 822 annis,
469 734 604 826 ecquod
615 735 772 819 excurrit,
784 749 944 825 perpetuo
958 755 1157 826 presseram,

103 842 221 911 diutim
234 867 313 912 sane
330 867 430 936 quam
450 844 503 911 vel
525 841 759 936 Panegyricum
780 841 954 925 Isocrates,
977 857 1035 908 aut
1056 843 1165 920 Cinna,

100 947 248 1040 Smyram
268 949 369 1018 domo
390 967 600 1018 reservarunt.
623 945 789 1038 Quodque
815 945 948 1018 mlhl'et
965 947 1157 1015 interiorum

101 1049 216 1114 barum
226 1047 977 1138 litterarumetauctorverbo,atqueepistolis‚
1006 1034 1156 1134 διδοῦχος

99 1177 177 1222 vero
201 1159 353 1248 exemplo
368 1159 524 1239 extiteris,
541 1173 574 1221 et
593 1157 794 1241 conjecturas
806 1157 961 1245 quasdam
978 1157 1094 1223 nostris
1104 1155 1158 1220 ad-

99 1259 219 1328 dendas
232 1264 475 1353 perhumaniter
486 1261 705 1352 suppeditans,
713 1283 878 1350 quumeos
891 1265 991 1330 libros
1002 1265 1158 1352 attingere

98 1385 130 1432 te
139 1370 226 1435 nolle
235 1371 583 1460 affirmares,prosectu
587 1374 672 1458 justa
681 1391 776 1434 causa
786 1369 907 1435 visaest
915 1372 949 1436 in
958 1387 1017 1436 tuo
1025 1369 1157 1434 nomine

98 1475 166 1540 baec
188 1476 381 1566 evulgandi:
395 1471 554 1566 quum'et
579 1476 737 1542 Martinus
750 1475 879 1541 Delrius
905 1477 1028 1567 collega
1045 1497 1155 1556 meus,

98 1583 206 1654 mulrae
219 1590 321 1656 homo
335 1590 496 1672 lectionis,
512 1613 583 1655 suas
598 1591 631 1653 in
647 1589 801 1656 Senecam
817 1592 974 1682 tragicum
1016 1579 1156 1678 δευτέρας

99 1691 261 1792 φροντίδας
301 1707 359 1771 tibi
387 1705 604 1771 inscribendas
626 1707 874 1774 existimaritatu
887 1707 1028 1797 denique
1039 1707 1073 1774 L.
1086 1708 1154 1771 An-

98 1833 203 1877 naeum
215 1813 387 1895 Senecam,
404 1814 548 1878 Stoicum
567 1813 798 1902 philosophum
821 1817 949 1906 egregie
973 1811 1163 1888 ornandum,

98 1920 292 2008 susceperis,
304 1941 409 2009 usque
417 1943 435 1985 a
443 1919 546 2009 capite
556 1919 670 1985 Stoicae
681 1921 804 1986 familiae
811 1920 960 2021 dogmata
965 1945 1067 2010 quum
1075 1921 1156 2009 phy·

98 2023 179 2105 sios,
192 2039 263 2088 tum
280 2026 394 2090 Ethica
408 2048 584 2108 arcessens,
606 2026 676 2091 haee
690 2023 823 2116 quidem
836 2051 876 2100 ex
896 2027 1060 2115 Epicteto,
1076 2028 1155 2111 ejus·

99 2149 163 2215 que
177 2131 408 2220 interpretibus
421 2132 576 2213 Arriano,
589 2155 626 2196 ac
639 2129 818 2220 Simplicio,
831 2132 1006 2198 Plutarcho
1018 2133 1093 2196 item
1105 2126 1167 2194 ad-.

98 2255 209 2301 versus
223 2235 377 2319 Coloten,
396 2235 548 2302 Musonio
571 2235 659 2327 apud
678 2238 859 2328 Stobaeum,
880 2239 1043 2303 Ciceronis
1063 2258 1165 2326 para»

99 2339 191 2407 doxis
199 2366 207 2408 :
216 2344 269 2409 illa
279 2368 359 2410 vero
372 2368 411 2409 ex
423 2345 602 2410 Cleomedis
612 2346 887 2436 meteorologicis‚
900 2363 1038 2434 utraque
1047 2359 1155 2409 autem

99 2470 139 2513 ex
153 2449 280 2516 Seneca
289 2451 376 2540 ipso,
392 2467 424 2516 et
438 2453 592 2542 Epitomae
607 2453 677 2517 vioe
698 2475 716 2518 e
728 2453 882 2542 Diogenis
899 2453 1015 2516 Laertii
1023 2450 1155 2516 Zenone

99 2577 264 2622 rovocans.
279 2557 356 2640 Quo
370 2555 441 2640 fiet,
456 2573 492 2622 ut
503 2557 603 2624 Gallia
616 2573 744 2641 nostra,
756 2557 841 2648 proh
857 2556 965 2624 dolor!

236 2691 360 2764 Belgica,
372 2663 570 2748 civili'nimium
581 2704 705 2767 quassata
716 2690 847 2763 tumultu,

96 2833 234 2900 macas
248 2834 331 2901 duos
345 2837 504 2902 illustrare
515 2837 610 2904 tubas
623 2839 707 2916 inter
722 2854 754 2902 et
773 2854 938 2929 tympana
949 2851 1063 2901 conata
1085 2853 1167 2899 esso-

95 2939 245 3006 videatur
259 2965 267 3008 :
280 2959 333 3024 tu,
350 2943 448 3032 belgii
469 2941 608 3026 ocellus,
620 2943 735 3028 lilium,
751 2945 894 3010 Stoicum
906 2941 1136 3034 philosophum
1148 2985 1166 3019 ,.

96 3046 255 3112 Martinus
269 3049 397 3114 Delrius
409 3049 560 3114 eumdem
570 3052 744 3141 tragicum,
756 3074 816 3116 nos
830 3049 971 3139 (lenique
988 3060 1164 3137 parentem,

95 3161 294 3246 llhetorem,
306 3164 391 3229 fatali
402 3163 542 3253 quadam
565 3161 757 3252 carpinellus,
769 3183 800 3230 et
812 3190 913 3255 quum
925 3166 1081 3255 pari,tum
1095 3159 1162 3227 dis,

96 3271 165 3358 pari
177 3262 348 3358 utriusque
358 3293 443 3338 casu.
456 3271 505 3336 llli
516 3288 664 3337 senectus
676 3271 847 3337 oculorum
860 3274 962 3340 aciem
971 3267 1152 3346 retuderat,

94 3377 225 3441 aurium
249 3399 379 3442 sensum
401 3376 587 3459 hebetarat,
619 3379 872 3471 memoriamque
898 3377 994 3444 fidam
1019 3375 1155 3440 nimium

96 3499 256 3570 quantum
267 3500 359 3550 antea
369 3483 537 3551 afflixerat:
548 3485 617 3574 ipse
629 3508 761 3575 quoque
773 3509 878 3575 nuper
892 3485 933 3551 ab
949 3483 1049 3549 oculis
1066 3501 1149 3568 aeger

93 3588 246 3654 laborare
262 3590 359 3679 ooepi,
372 3591 438 3655 sive
448 3592 545 3655 aetatis
562 3591 652 3656 malae
666 3592 700 3657 id
712 3593 825 3657 vitium
842 3607 904 3672 est,
918 3590 985 3654 sive
998 3586 1093 3651 lectio
1109 3606 1154 3649 as·

92 3695 187 3760 sidua
211 3695 340 3761 luminis
354 3698 452 3762 aciem
467 3692 699 3765 hebetavitrsic
719 3715 832 3764 contra
846 3695 943 3763 audio
961 3696 1062 3776 bene,
1084 3713 1152 3762 me·

10 3887 11 3890 Ἴ
93 3803 264 3890 moriaque
272 3803 306 3866 in
319 3804 427 3892 primis
437 3805 531 3894 viget.
538 3805 757 3870 Testabuntur
769 3803 804 3872 id
818 3802 951 3869 fortasse
967 3801 1003 3868 V
999 3803 1054 3865 r‘toe
1071 3824 1156 3866 com·

10 3907 12 4064 p
85 3923 223 3996 parata
237 3909 417 3974 Aristotelis
434 3933 475 3974 ac
488 3911 722 3995 Demosthenis,
732 3933 839 4001 nuper
857 3899 1003 3999 auspiciis
1017 3908 1062 3974 Μ.
1078 3906 1150 3972 Vel

92 4015 159 4078 seri
169 4013 210 4080 V.
224 4015 270 4079 Cl.
287 4017 467 4080 communis
482 4017 574 4083 amici
590 4018 751 4108 evulgatae.
767 4018 986 4102 Quamobrem
999 4030 1033 4079 te
1053 4015 1157 4079 etiam,-

94 4136 195 4210 atque
212 4121 304 4187 etiam
318 4143 399 4212 rogo
412 4123 636 4214 obtestorque,
650 4124 753 4214 Lipsi,
770 4137 807 4194 ut
826 4125 883 4190 has
895 4137 1017 4194 nostras
1032 4118 1166 4209 vigilias,
