2796 4902
474 359 733 474 PRAEF'ATIQ
1099 395 1124 468 9

73 493 246 575 cudimus,
261 507 378 582 prater
393 491 474 558 illud
486 493 693 574 Vaticanum,
710 515 751 560 ex
764 515 832 582 quo
845 493 988 583 primum
1002 495 1037 558 bi
1053 493 1127 560 libn'

74 619 222 692 repar-atre
242 601 353 666 salutis
375 599 689 690 quadringentesimo
710 617 742 666 et
763 601 989 691 nonagesimo,
1009 599 1128 666 deinde

73 707 330 798 quingentesimo
346 707 443 772 tertio
466 723 538 795 post
563 707 767 772 millesimum
783 730 871 772 anno
891 707 1034 772 Venetiis
1052 705 1129 772 editi

72 829 170 880 aunt:
188 811 280 878 unde
300 813 397 878 etiam
413 825 533 876 cetera
545 789 701 878 editiories
717 835 931 910 quocumque
946 815 980 878 in
998 813 1128 880 Germa·

72 923 131 1002 nia,
143 919 257 1002 Gallia,
269 936 302 984 et
316 920 400 1002 alibi,
412 918 604 1007 quibusdam
615 919 656 984 ab
667 919 797 1008 ingenio
809 922 938 986 mutatis
948 937 980 984 et
989 922 1130 1010 interpo-

72 1028 138 1094 latis
150 1027 263 1092 multis
278 1029 373 1092 etiam
384 1028 418 1090 in
432 1025 573 1090 deterius
586 1043 830 1116 promanarunt.
845 1027 915 1093 Nisi
931 1027 1066 1093 fortasse
1077 1049 1131 1092 ve-

72 1158 144 1200 rum
158 1151 227 1217 est,
246 1133 335 1224 quod
354 1134 444 1199 aiunt
454 1135 488 1197 in
505 1133 656 1222 Hispania
674 1133 837 1223 quoddam
856 1133 1057 1216 delitescere,
1089 1158 1130 1201 ex

72 1263 138 1329 quo
151 1241 191 1305 P.
205 1241 376 1304 Ciaeonius
387 1263 509 1329 magnae
526 1240 716 1307 eruditionis
736 1241 896 1330 Hispanus
914 1241 1039 1330 aliquot
1051 1241 1130 1306 locis

72 1347 195 1412 borum
205 1347 365 1412 librorum
374 1369 473 1436 fflnca
482 1347 626 1427 suffecit,
648 1371 720 1436 quae
731 1348 824 1412 nobis
838 1370 857 1414 a
871 1347 996 1414 doctiss.
1014 1333 1134 1414 Vialan

72 1455 116 1520 tio
131 1455 240 1519 Roma
250 1453 341 1518 allata
355 1470 387 1518 et
398 1453 568 1518 liberaliter
581 1453 815 1518 communicata
826 1454 891 1518 suis
906 1452 983 1518 locis
999 1452 1132 1518 inserui·

71 1583 154 1626 mus.
186 1561 259 1627 Nec
281 1577 388 1626 tamen
415 1560 593 1626 fraudanda
614 1577 661 1625 est
685 1585 743 1626 sua
765 1561 874 1626 laude·
884 1585 1016 1626 romana
1034 1561 1131 1626 editio

72 1691 204 1750 recens,
235 1669 268 1732 in
298 1693 362 1756 qua
385 1668 486 1732 multa
512 1670 674 1758 praecipue
699 1669 998 1742 Controuersiarum
1026 1669 1131 1758 primo

74 1774 245 1839 emerrdata
265 1790 299 1839 et
313 1790 477 1856 correcta,
497 1775 621 1863 aliquot
640 1775 718 1840 locis
740 1775 835 1840 etiarn
852 1775 1074 1840 suasoriarum
1092 1795 1131 1839 ex

73 1881 127 1946 illo
151 1880 310 1946 Vaticano
329 1879 442 1947 codice
465 1903 566 1971 graeca
582 1881 728 1946 restituta
748 1897 840 1964 sunt,
856 1905 928 1970 quae
945 1883 1002 1970 qui
1021 1881 1132 1971 primis

75 1987 300 2052 emissionibus
314 1987 437 2052 horum
455 1986 614 2052 librorum
631 1987 849 2077 praefuerunt,
870 2011 940 2053 rara
960 2003 1040 2053 tunc
1065 1990 1134 2074 ejus

74 2093 191 2182 linguae
205 2094 407 2184 cognitione,
420 2095 601 2160 omiserant.
618 2094 725 2178 Quam
738 2109 846 2159 tamen
859 2095 979 2159 nemini
995 2093 1132 2159 dubium

76 2215 120 2263 est
131 2201 305 2264 tersiorem
314 2200 419 2265 multo
432 2216 465 2264 et
478 2201 675 2266 ornatiorem
686 2200 830 2266 futuram
847 2200 994 2282 fuisse,si
1009 2223 1130 2266 numen

75 2305 154 2370 illud
169 2305 334 2386 invidum,
350 2307 471 2396 magnis
482 2321 514 2371 et
525 2307 659 2396 egregiis
672 2308 841 2373 conatibus
851 2306 1051 2372 intercedere
1064 2307 1134 2372 soli·

76 2426 161 2492 tum,
174 2410 303 2478 dorosa
319 2428 351 2476 et
364 2412 539 2502 elegantiss.
554 2413 686 2478 Mureto
695 2429 821 2478 tantum
829 2413 901 2478 vita
912 2413 1131 2494 concessisset,

77 2534 236 2606 quantum
251 2519 373 2582 eximiae
386 2517 484 2582 divini
495 2522 563 2606 ejus
573 2519 692 2609 ingenii
704 2518 796 2584 dotes
812 2537 1015 2601 meruerant,
1024 2519 1134 2584 saltem

78 2641 238 2712 quantum
257 2626 448 2714 perfectioni
463 2649 499 2691 ac
513 2627 781 2690 consummationi
802 2627 996 2690 recensionis
1011 2627 1134 2690 borum

79 2727 240 2794 librorum
250 2746 405 2819 susceptae
415 2731 487 2795 satis
497 2730 617 2796 fuisset.
632 2731 721 2813 Quid
728 2747 836 2796 autem
850 2753 909 2796 nos
920 2731 981 2796 hac
993 2729 1134 2795 editione

79 2837 332 2923 praestiterimus,
345 2858 385 2900 ex
396 2836 528 2902 aliarum
537 2837 708 2902 collatione
717 2837 854 2926 quisque
864 2837 1045 2927 perspiciet.
1054 2837 1135 2902 Tan·

80 2957 149 3006 tum
161 2943 318 3008 lectorem
325 2942 526 3007 admonitum
536 2943 681 3024 velimus,
697 2941 856 3030 quidquid
866 2945 900 3008 in
911 2958 1003 3008 textu
1013 2943 1134 3008 horum

81 3047 240 3114 librorum
254 3065 413 3114 mutatum
425 3065 491 3129 eu,
507 3072 547 3114 ex
558 3047 685 3114 duabus
696 3048 758 3113 illis
771 3049 909 3137 antiquis
925 3049 1135 3131 editionibus,

82 3171 113 3218 et
129 3157 303 3244 epitomate
314 3157 412 3244 hujus
423 3157 549 3248 ‘015th
566 3155 657 3244 quod
670 3157 825 3220 hactenus
840 3157 875 3221 1.
887 3155 1016 3221 Senecae
1027 3156 1137 3222 Decla-

81 3264 261 3326 mationum
275 3263 407 3326 nomine
420 3249 617 3351 adalriptum
631 3278 694 3343 est,
713 3259 881 3352 diligenter
891 3261 933 3327 ad
946 3285 1018 3328 mss.
1031 3283 1137 3328 exem·

84 3368 198 3455 plaria,
217 3385 250 3434 et
266 3370 403 3452 maxime
418 3368 460 3434 ad
476 3369 731 3457 antiquissimum
748 3368 1084 3434 et'emeudatissimum
1098 3366 1134 3433 P.

84 3473 213 3556 Pithoei,
233 3497 273 3539 ex
297 3498 365 3563 quo
382 3474 435 3539 ille
456 3474 583 3564 pridem
605 3475 794 3558 Quintiliani
808 3489 840 3539 et
858 3475 1020 3564 Calpurnii
1036 3473 1137 3538 decla·

83 3581 237 3645 madores
247 3581 405 3671 vulgavit,
416 3583 580 3662 correcto,
591 3583 679 3648 bona
691 3580 754 3648 fide
769 3603 955 3670 expressum
965 3601 1042 3643 esse.
1055 3579 1138 3642 Con·

78 3689 218 3776 jacturas
232 3687 335 3753 nullas
350 3685 551 3770 admisimus,
567 3710 609 3752 ne
626 3710 691 3776 pro
702 3686 860 3776 germanis
873 3683 1087 3773 supposititia,
1103 3699 1135 3748 et

83 3791 180 3858 dubia
207 3815 270 3882 pro
289 3793 373 3858 veris
400 3792 576 3860 obtrudere
599 3792 796 3858 videremur.
821 3790 902 3874 Quoe
922 3805 1136 3856 occurrerunt

81 3900 178 3988 (quid
193 3902 278 3964 enim
292 3901 355 3966 bac
371 3900 406 3964 in
422 3922 458 3964 rc
474 3899 627 3988 prohibet
640 3899 700 3963 sibi
715 3896 883 3988 indulgere
898 3896 988 3986 quod
1003 3920 1069 3962 non
1083 3919 1135 3962 re·

83 4007 178 4072 ritatis
198 4005 392 4070 detrimento
408 4003 501 4094 fiati)
523 4005 556 4071 iu
575 4004 799 4069 annotationes
819 4003 1002 4091 rejecimus,
1026 4018 1062 4068 ut
1082 4001 1135 4068 vel

82 4113 130 4177 bis
144 4113 225 4197 frui,
237 4115 264 4180 si
275 4110 533 4202 modoquedanr
545 4113 609 4182 sint
619 4127 683 4179 tam
696 4112 800 4180 fausto
817 4109 967 4201 Apolline
983 4127 1079 4192 naua,
1098 4125 1135 4174 ut
