2796 4902
90 481 1143 518 W

471 679 510 768 J.
543 681 762 774 LIPSIUS

266 882 456 941 ANDREAE
482 885 683 944 SCBO'I'TO
707 885 742 941 V.
767 885 862 942 REV.
885 885 957 944 S.D.

550 1047 683 1068 ..ιφ-ι-

130 1223 243 1289 Tristis
256 1224 367 1316 legide
373 1227 544 1292 oculorum
550 1225 775 1292 invalitudine:
786 1227 845 1291 etsi
853 1227 963 1308 nolim,
973 1227 1145 1308 Hercules,

89 1346 120 1394 te
131 1351 169 1394 ea
184 1352 221 1395 re
231 1331 364 1398 tristem.
373 1333 479 1416 Quam
490 1333 532 1399 ab
548 1331 684 1398 honesta
701 1355 796 1397 causa
806 1333 989 1398 contraxisti
1000 1331 1145 1414 lStudia,

90 1451 121 1499 et
132 1451 295 1526 perpetuo
302 1437 450 1516 ,discendi
466 1438 672 1527 docendique
686 1437 843 1529 cupiditas
858 1439 971 1504 vitium
989 1455 1021 1503 et
1037 1439 1144 1504 tabem

89 1543 173 1607 hanc
193 1544 388 1615 attulerunt:
401 1559 438 1610 ut
456 1567 517 1612 nec
535 1544 715 1610 meminisse
735 1549 803 1633 ejus
819 1545 935 1634 possis,
953 1545 1014 1608 nisi
1031 1545 1144 1633 optimi

90 1649 193 1712 unain
204 1672 306 1740 remp.
317 1650 792 1741 litterariamanimioperaeque.
800 1651 929 1716 lactem
935 1650 987 1714 illa
995 1649 1036 1714 ad
1042 1647 1144 1714 lilium

88 1779 126 1820 ex
149 1757 287 1824 vulnere
306 1757 698 1842 claudicantem:Macte,
713 1759 856 1848 gradum
877 1781 941 1822 non
955 1781 1052 1847 pones
1078 1759 1146 1821 sine

87 1866 244 1928 memoriis
257 1867 384 1930 vt'rtutis
393 1891 406 1948 ;
420 1865 507 1932 idem
516 1867 551 1930 in
561 1882 604 1932 te.
614 1865 709 1932 Oculi
720 1888 823 1954 quum
832 1864 1016 1954 negabunt,
1030 1863 1145 1927 merita

86 1986 276 2037 succurrent
292 1970 517 2062 delinquentia
533 1975 602 2060 ejus
621 1995 724 2038 causa.
750 1968 835 2036 lllud
854 1986 887 2036 te
906 1971 990 2035 serio
1008 1969 1142 2050 hortor,

87 2076 153 2140 imo
166 2091 198 2144 et
212 2099 309 2166 rogo,
329 2078 396 2160 uti,
415 2076 494 2144 dum
506 2077 556 2144 sol
569 2076 718 2144 nondum
739 2075 834 2169 plene
854 2075 987 2157 occidit,
1000 2097 1056 2157 ea,
1071 2096 1143 2162 quse

86 2181 209 2246 scriniis
231 2184 294 2248 tuis
313 2183 430 2250 affecta
446 2185 563 2268 habes,
580 2183 724 2276 perficias
739 2199 771 2250 et
785 2183 909 2248 emittas
927 2182 961 2246 in
980 2181 1142 2271 publicam

84 2287 191 2352 lucem
207 2303 240 2352 et
253 2289 387 2356 bonum.
408 2289 483 2356 Scio
497 2290 644 2382 pluscula
658 2291 717 2356 tibi
739 2303 938 2371 essetcerte,
952 2286 993 2352 de
1016 2286 1139 2351 Seneca

82 2409 176 2481 patre
197 2417 258 2461 nur
278 2396 404 2462 omittas
425 2412 482 2462 aut
503 2396 630 2462 tardes?
647 2394 733 2468 Utile
747 2393 843 2478 illud,
863 2392 906 2460 ad
924 2391 1140 2482 eloquentiam

84 2499 241 2590 scriptum
252 2517 313 2583 est,
324 2517 357 2567 et
367 2501 459 2591 quod
467 2503 500 2567 in
510 2525 578 2576 uno
586 2503 677 2568 velut
685 2521 826 2592 corpore
839 2499 968 2589 praefert
977 2512 1027 2562 tot
1040 2518 1141 2561 mem·
1245 2563 1249 2572 ,

85 2605 309 2671 bra-veterum
324 2625 507 2690 oratorum,
526 2624 604 2674 tuus
621 2624 729 2674 autem
746 2609 780 2672 in
800 2629 840 2670 eo
860 2603 952 2670 labor
977 2619 1086 2683 vetus,
1110 2615 1142 2664 et

84 2709 166 2775 mihi
179 2727 277 2776 notus
289 2713 441 2801 unusque
452 2713 530 2780 olim
541 2705 575 2778 et
587 2711 745 2780 laudatus.
760 2711 848 2795 Quin
862 2710 962 2776 multa
978 2709 1072 2773 etiam
1088 2704 1142 2770 ad·

85 2815 293 2899 dideris,nee
302 2819 446 2908 ambigo,
460 2817 591 2909 quando
607 2819 693 2884 enim
707 2835 744 2884 tu
762 2816 884 2883 cessas?
899 2817 1013 2905 ltaque
1030 2829 1139 2878 nostra

84 2941 116 2986 et
126 2925 308 3010 juventutis
322 2947 418 2990 causa
424 2926 492 2991 haec
502 2925 563 2992 ede
571 2947 579 2990 τ
587 2941 658 2990 mm
668 2941 699 2990 et
709 2923 861 3012 tua,quia
868 2922 968 3012 gloria
976 2937 1009 2986 te
1017 2935 1140 3012 manet,

84 3028 240 3098 audacter
266 3052 319 3096 me
338 3032 526 3120 spondente.
545 3031 613 3098 Etsi
623 3031 695 3096 vitae
709 3045 742 3096 et
759 3045 912 3097 votorum
928 3043 1061 3092 tuorum
1074 3049 1142 3090 mo·

83 3131 187 3198 destia
197 3157 266 3200 non
278 3157 319 3200 eo
335 3134 489 3225 adspirat:
500 3134 556 3200 sed
570 3151 677 3200 tamen
686 3135 712 3199 si
721 3135 805 3198 hano
816 3131 965 3222 negligis,
984 3151 1044 3194 nos
1054 3128 1139 3193 vide.

82 3239 171 3304 Vide
184 3257 218 3306 et
227 3241 400 3332 Belgicam,
412 3243 446 3307 in
461 3264 525 3332 qua
542 3263 619 3308 eum
631 3263 699 3305 uno
711 3243 777 3326 jam
792 3255 848 3305 aut
864 3238 965 3303 altero
979 3238 1044 3301 hoo
1056 3235 1139 3324 agis;

84 3361 117 3409 et
131 3346 200 3412 abit
220 3348 360 3429 anobis,
372 3348 417 3414 mi
426 3362 532 3438 pater,
546 3347 579 3412 in
599 3363 784 3437 temporum
798 3344 913 3409 malitia
928 3357 984 3407 aut
1002 3341 1138 3420 ferocia,

84 3450 203 3516 melior
216 3451 383 3518 illaomnis
394 3453 568 3544 mitiorque
590 3477 689 3518 musa.
713 3451 860 3518 Clausula
881 3466 944 3532 cst,
966 3469 1007 3514 ne
1026 3443 1140 3510 claude
1205 3507 1208 3514 .

82 3557 238 3638 haema.

287 3731 430 3786 Parcemes
441 3748 491 3802 ego
502 3729 626 3786 dexteras
706 3745 709 3752 ·

286 3825 357 3896 Odi,
370 3843 465 3902 sparge
478 3845 562 3881 rosas:

79 4007 159 4072 quae
176 3985 314 4048 suaviter
331 4007 409 4066 nos,
428 3999 460 4048 et
475 3999 621 4072 posteros
644 3994 790 4046 recreent
807 4001 843 4044 ac
862 3977 1030 4044 delectent.
1050 3973 1139 4038 Vale.

79 4089 482 4174 Lovanii,v11Kal.Mart.
587 4119 592 4126 ·
