2796 4902
242 410 262 454 n
401 409 402 414 ¹
519 379 706 450 NOTITIA
730 380 1001 452 LHTERARIA

235 505 308 596 plus
327 517 460 568 centurn
479 514 650 565 auctorum
673 522 851 588 gracorum
870 501 1124 592 latinommque,
1147 505 1204 592 qui
1223 505 1293 570 Au-

239 610 322 701 gusti
342 607 495 674 saeculum
510 605 828 689 illustrarunt,acute
847 607 881 672 in
896 605 1103 675 declamando
1113 611 1241 674 inventa
1261 627 1297 674 et

236 713 335 792 dicta,
353 709 538 789 sententias,
567 705 744 786 divisiones,
759 709 884 772 colores
901 727 1101 800 congesserat
1117 727 1149 774 et
1159 712 1243 775 inter
1257 733 1294 776 se

236 803 432 897 contulerat,
459 816 518 880 vix'
536 815 569 878 hi
595 815 739 902 quinque
758 837 766 880 t
786 819 926 904 primus,
950 817 1119 901 secundus,
1144 821 1294 908 septinuas

237 925 353 1015 (vulgo
377 919 519 1009 tertius),
547 944 647 986 noruts
677 921 827 1010 (quartus
854 923 987 1012 vulgo),
1013 925 1152 990 &centus
1178 923 1295 1014 (vulgo

236 1025 399 1118 quintus),
419 1047 460 1089 ne
481 1023 515 1088 bi
534 1019 664 1114 quidem
682 1023 814 1114 integri,
835 1023 891 1088 sed
907 1025 1052 1114 corrupti
1068 1025 1182 1115 passim
1196 1025 1293 1089 anuti-

132 1210 136 1215 .
236 1131 339 1217 lique;
352 1149 451 1217 porro
463 1123 628 1214 Excerpta
638 1124 894 1215 sioefiagmenta
907 1151 950 1190 en·
955 1129 1067 1192 iisdem
1076 1128 1182 1193 &cem
1194 1127 1294 1208 libris,

239 1258 320 1324 quos
332 1233 401 1300 filiis
411 1233 476 1298 suis
487 1233 522 1297 L.
533 1232 656 1296 Annaeo
669 1249 701 1296 et
713 1233 804 1322 (qui,
819 1249 990 1322 postquam
1004 1257 1023 1300 a
1036 1237 1054 1300 J
1056 1236 1133 1300 unio
1149 1233 1295 1298 Gallione

239 1339 409 1430 adoptatus
424 1350 520 1417 esset,
540 1335 653 1398 Junius
667 1337 829 1399 Annaeus¹
846 1334 949 1401 Gallio
970 1335 1073 1400 dictus
1086 1335 1151 1422 est)
1170 1336 1295 1401 rinnaeo

238 1442 384 1520 Novato,
409 1453 441 1502 et
460 1437 584 1502 Annaeo
606 1437 716 1516 Melae,
738 1437 860 1500 Lucani
883 1437 1024 1525 parenti,
1043 1437 1164 1500 Seneca
1184 1435 1296 1500 inscri-

237 1561 353 1636 pserat
371 1544 601 1610 Controversias
607 1537 735 1631 collegit
741 1542 774 1606 in
786 1541 926 1607 filiorum
940 1566 1075 1608 suorum
1088 1563 1182 1624 usus3
1193 1541 1296 1631 plera·
1376 1569 1378 1572 ·

239 1673 303 1738 que
321 1663 429 1713 autem
447 1668 487 1709 ex
507 1645 661 1714 memoria
671 1665 745 1724 sua,
762 1642 813 1706 vel
829 1666 868 1707 ex
883 1645 936 1724 iis,
952 1667 1024 1732 quae
1038 1645 1105 1733 ipse
1120 1645 1178 1707 sibi
1193 1667 1297 1731 quum

238 1745 451 1816 declamantes
465 1745 591 1811 audiret
603 1750 634 1826 ²,
654 1760 829 1810 notaverat.
846 1745 946 1824 Nam,
971 1760 1008 1808 ut
1028 1745 1071 1808 ait
1088 1743 1175 1833 praef.
1194 1744 1266 1808 libri
1280 1743 1297 1808 1

237 1855 442 1917 Controvers.
451 1848 517 1912 -ubi
529 1847 691 1912 memoriae
702 1869 767 1911 snae
779 1845 960 1912 felicitatem
971 1844 1137 1936 praedicat,
1148 1861 1227 1910 tunc
1239 1859 1302 1909 aut

237 1954 413 2045 nullisne
435 1955 651 2020 maxintcrum
681 1952 935 2018 declamatorum
959 1955 1180 2020 commentarii
1205 1965 1300 2016 ecta-

239 2067 333 2146 bant,
357 2075 431 2145 aut,
456 2061 546 2152 quod
560 2061 673 2155 pyus,
691 2059 786 2145 falsi.
812 2060 854 2126 Et
873 2061 928 2127 lib.
951 2061 984 2126 11
1007 2061 1213 2125 Controvers.
1230 2080 1301 2140 ao,

238 2195 270 2260 p.
296 2168 375 2252 158,
394 2167 488 2251 Haec,
502 2163 635 2233 Nasone
650 2166 742 2256 apud
754 2163 923 2235 Arellium
938 2167 1074 2233 Fuscum
1090 2165 1228 2251 dicente,
1243 2187 1302 2230 ese·

240 2283 332 2366 capta
344 2276 484 2340 memini.

239 2441 350 2500 Decem
359 2438 444 2496 refert
461 2439 498 2494 ad
508 2439 611 2509 libros,
626 2457 700 2510 non,
720 2450 750 2495 ut
764 2424 903 2515 plerique,
923 2440 959 2495 ad
972 2437 1108 2498 rhetores.
1127 2437 1183 2509 Qui
1198 2437 1302 2501 Decla.

243 2539 387 2595 matt'ones
397 2538 602 2610 inscripserunt,
617 2555 673 2592 non
685 2539 775 2592 minus
789 2537 848 2593 salsi
861 2548 938 2608 sunt,
950 2544 1032 2610 qtiarn
1044 2539 1090 2610 qui
1102 2535 1255 2592 tribuerunt
1269 2535 1303 2592 La

241 2637 351 2692 Annua·
362 2631 540 2708 philosopho,
554 2643 586 2689 ut
604 2634 779 2690 Tritbemius.
792 2635 856 2690 Non
871 2635 985 2689 enimin
1001 2633 1044 2688 his
1059 2631 1137 2688 libris
1156 2645 1307 2688 occurrunt

242 2733 467 2801 declamationes,
488 2723 536 2786 aed
552 2741 588 2786 'ea
607 2732 851 2788 declamationibus
871 2733 969 2787 selecta
992 2743 1119 2805 excerpta
1143 2731 1199 2786 sive
1217 2727 1307 2785 Chre-

243 2830 401 2889 stomatbia.
412 2829 550 2902 Hocopus
562 2833 643 2884 etiam
650 2831 740 2884 innuit
749 2847 901 2903 anonymus
911 2831 1030 2903 scriptor
1040 2845 1132 2883 rerum
1142 2827 1306 2899 Britannia,

171 2986 177 2994 ,
240 2928 288 2982 ubt
308 2927 405 2998 allegat
425 2924 567 2982 Senecam
585 2926 623 2981 de
644 2925 762 2986 Causas.
786 2925 884 3005 (Plura
902 2925 938 2980 de
951 2943 1013 2981 vera
1027 2925 1104 2982 liber.
1126 2926 1306 3000 inscriptione

242 3023 304 3080 vide
316 3023 403 3098 inim,
415 3021 515 3078 inNic.
530 3013 612 3079 Fabri
625 3024 727 3099 praelat.
739 3021 785 3080 lin.
798 3045 824 3098 p.
844 3022 901 3102 to.)

284 3139 309 3177 a.
324 3123 459 3181 Annoeus
474 3119 586 3189 sortitas,
598 3140 634 3177 an
647 3124 780 3194 Annene,
791 3134 822 3178 ut
836 3136 877 3179 est
887 3126 916 3180 in
930 3125 1023 3192 mstis,
1041 3122 1157 3197 perinde
1172 3132 1212 3178 eat
1222 3140 1229 3175 :
1239 3117 1304 3177 ride

143 3251 145 3258 ι
241 3221 390 3274 Pontacum
401 3217 436 3272 ad
447 3209 557 3274 Eusebii
571 3219 672 3275 Cbmn.
687 3239 746 3294 pag.
765 3219 908 3294 571·573.
920 3222 964 3276 De
980 3221 1033 3278 hoc
1050 3220 1188 3276 Gallione
1199 3219 1303 3273 mentio

241 3321 336 3376 Actor.
351 3315 467 3386 xvm;
492 3335 537 3387 m,
553 3318 601 3373 ubi
614 3320 677 3374 vide
698 3322 840 3390 Grotium,
857 3332 884 3376 et
899 3321 961 3377 Nic.
978 3321 1092 3375 Antonii
1108 3317 1304 3373 bibliothecam

240 3429 359 3474 veterem
372 3413 523 3488 Hispanam
545 3415 592 3471 lib.
605 3417 639 3484 1,
654 3436 713 3492 cap.
725 3419 761 3486 6;
774 3420 917 3474 Barthium
935 3411 969 3472 ad
981 3418 1098 3473 Statium
1114 3427 1133 3470 t
1150 3415 1178 3486 1,
1194 3435 1221 3489 p.
1233 3412 1303 3472 251.

115 3521 118 3528 “
241 3515 305 3576 Fuit
315 3524 343 3569 et
354 3510 464 3570 Seneca
476 3513 628 3588 Episcopus
641 3516 776 3572 Hierosol.
787 3517 823 3572 de
837 3534 891 3590 quo
904 3516 1041 3572 Eusebius
1051 3515 1108 3584 w,
1128 3511 1146 3570 5
1160 3513 1262 3568 Hister.
1275 3524 1305 3569 et

241 3614 328 3684 aliua,
353 3615 401 3688 qni
420 3611 590 3686 Pelagianam
619 3613 733 3670 haeresin
755 3616 935 3690 sparsitcirca
947 3633 1013 3670 ann.
1028 3612 1059 3668 C.
1073 3611 1142 3686 493,
1162 3628 1243 3683 quem
1254 3628 1306 3672 ra-⁸

241 3711 389 3788 prehendit
414 3712 539 3770 Gelenius
558 3731 686 3768 romanus
706 3715 735 3768 in
749 3715 862 3788 epistola
881 3714 917 3768 ad
929 3714 1022 3769 Piceni
1039 3712 1190 3786 episcopos.
1211 3709 1304 3766 Etiam

242 3821 336 3864 nostra
350 3819 427 3864 etate
451 3822 531 3865 notus
552 3809 661 3867 Seneca
684 3813 800 3887 scriptor
825 3812 909 3886 gallus
935 3810 1020 3865 libelli
1043 3809 1079 3863 de
1101 3809 1305 3884 epigrammate,

242 3909 361 3980 Europe
371 3919 491 3963 sanante
497 3949 509 3978 ,
530 3908 616 3980 1718,
626 3911 688 3965 Jun.
703 3929 762 3984 pag.
777 3916 844 3981 ²74·

283 4023 310 4060 a.
331 4003 517 4074 Quintilianus
529 4005 578 4062 lib.
588 4005 632 4080 11,
642 4025 701 4083 cap.
718 4026 766 4064 11:
780 4005 896 4064 ‹limiles
909 4002 1126 4062 commentariis
1130 4019 1309 4102 puerorum?
1375 4071 1377 4075 ι

247 4107 364 4180 inques
377 4119 431 4175 ea,
443 4123 512 4180 quoe
523 4104 593 4162 aliis
604 4105 838 4164 declamantibus
851 4105 970 4160 laudata
983 4113 1070 4174 sunt,
1087 4112 1231 4176 regemne.
