2796 4902
254 371 276 448 ll
385 427 388 434 ·
678 377 722 448 N.
752 377 882 446 FABRI

252 495 403 574 secunda.
430 496 488 562 ille
509 499 594 563 enim
618 513 666 562 est
688 495 772 562 ordo
796 519 863 585 quo
883 510 1072 561 contentum
1098 520 1167 564 esse
1185 498 1304 564 Melam

253 601 354 668 lilium
361 605 455 691 jubet
467 625 475 669 t
489 618 520 668 ct
534 603 606 669 fuit.
622 601 787 668 Adderem
807 601 903 668 ducta
918 625 1021 669 uxore
1036 603 1163 687 Helvia,
1181 627 1221 670 er
1240 628 1305 693 qua

252 725 318 775 tres
331 710 450 775 liberos
465 710 657 798 susceperit,
669 710 730 774 sub
745 712 893 799 Augusto
904 711 1040 774 Romam
1058 712 1196 792 venisse,
1213 711 1304 776 farni-

254 818 430 906 liaremque
440 817 486 882 ibi
501 817 617 882 Porcio
629 817 775 898 Latroni,
795 818 902 882 Cassio
916 818 1052 898 Severo,
1070 818 1204 883 Claudio
1218 819 1302 883 Tur·

254 925 344 1007 rinc,
364 924 540 1005 Montano,
553 925 738 1011 caeterisque
761 924 844 988 illius
861 923 1088 988 foecundissimi
1114 925 1307 1014 elegantium

252 1031 458 1122 ingeniorum
476 1029 581 1095 saeculi
601 1029 775 1096 luminibus
789 1031 917 1113 vixisse,
937 1047 969 1094 et
982 1030 1038 1094 alia
1057 1029 1090 1095 id
1102 1053 1218 1120 genus,
1237 1053 1310 1118 quse

255 1159 297 1202 ex
306 1137 356 1202 his
367 1136 454 1200 libris
466 1151 498 1200 et
506 1136 732 1206 Consolatione
744 1135 798 1200 filii
809 1134 850 1200 ad
859 1135 1003 1200 Helviam
1013 1136 1082 1200 elici
1088 1152 1239 1224 possunt:
1250 1136 1311 1199 nisi

230 1277 232 1282 ·
255 1245 335 1310 mihi
351 1245 553 1334 propositum
577 1261 675 1326 esset,
693 1246 754 1310 hos
770 1245 877 1333 potius
895 1242 1083 1324 emendare,
1103 1267 1200 1333 quam
1225 1259 1313 1308 tran-

257 1352 407 1418 scribere.
416 1351 536 1435 Quanti
549 1365 656 1417 autem
667 1350 765 1416 fuerit
778 1351 931 1416 acuminis
946 1367 978 1416 et
989 1373 1085 1440 quam
1097 1352 1177 1416 acris
1189 1349 1313 1438 judicii,

257 1459 330 1524 satis
351 1481 514 1548 superque
532 1460 597 1524 hoc
618 1457 773 1546 scriptum
794 1457 929 1541 indicat,
949 1459 983 1522 in
1002 1481 1069 1547 quo
1088 1457 1160 1546 plus
1182 1473 1315 1552 centum

260 1582 430 1631 auctorum
446 1581 510 1630 tam
524 1588 702 1664 graecorum
720 1584 817 1652 quam
833 1562 1023 1648 latinorum,
1041 1567 1097 1652 qui
1109 1565 1247 1654 Augusti
1262 1586 1317 1626 sae·

259 1673 370 1738 culum
378 1672 592 1752 illustrarunt,
603 1687 696 1735 acute
705 1672 738 1735 in
750 1669 959 1735 declamando
970 1672 1100 1736 inventa
1112 1687 1143 1734 et
1153 1670 1235 1734 dicta
1242 1691 1319 1734 con-

262 1794 417 1869 gesserat,
439 1794 590 1868 congesta
602 1779 687 1842 inter
706 1801 741 1845 se
761 1779 957 1861 contulerat,
975 1785 1007 1843 et
1024 1761 1211 1868 distinguis
1231 1799 1319 1841 seve-

261 1889 383 1952 rissime
392 1885 584 1974 judicando,
602 1885 707 1952 divina
717 1887 769 1953 illa
778 1887 903 1977 ingenia
917 1888 1006 1953 velut
1022 1888 1055 1952 in
1069 1887 1178 1952 tabula
1193 1877 1320 1982 depicta

263 1992 305 2058 ad
323 1995 542 2082 posteritatem
558 1995 782 2060 transmiserat.
801 1993 865 2059 Sed
884 1995 992 2060 nescio
1007 2017 1075 2084 quo
1097 1993 1164 2059 lato
1182 2017 1248 2057 non
1269 1993 1321 2056 s'ol

264 2099 332 2164 lum
349 2121 463 2164 eorum
478 2102 595 2189 scripta
613 2101 708 2190 genio
722 2099 780 2192 illo
798 2101 853 2189 qui
865 2101 953 2165 libris
965 2101 1063 2164 vitam
1080 2115 1112 2163 et
1131 2095 1322 2163 diuturnitass

263 2221 330 2270 tem
342 2209 442 2296 parit,
461 2206 585 2273 defecta
599 2207 733 2272 fuerunt
756 2229 764 2272 ε
784 2207 825 2271 de
846 2221 896 2272 tot
913 2207 999 2272 enim
1018 2207 1156 2295 egregiis*
1168 2205 1243 2270 viris
1266 2207 1322 2270 vix

265 2315 362 2379 unius
379 2314 484 2379 Ovidii
498 2329 707 2380 monumenta
717 2314 758 2380 ad
769 2338 829 2380 nos
841 2337 944 2403 usque
955 2313 1174 2403 perdurarunt
1186 2336 1194 2378 :
1206 2335 1323 2377 verum

266 2422 362 2485 ctiam
377 2436 487 2486 noster
504 2438 635 2502 auctor,
650 2444 817 2509 perquem
828 2421 929 2485 Musae
937 2433 1102 2484 tantorum
1115 2419 1324 2508 ingeniorum

187 2532 191 2538 '
266 2528 430 2592 memoriae
443 2542 476 2592 et
489 2527 597 2618 gloriae
610 2528 786 2618 providisse
797 2527 1004 2606 videbantur,
1017 2525 1131 2590 eodem
1146 2547 1238 2613 pssne
1253 2525 1324 2589 fato

267 2635 399 2699 functus
415 2651 470 2698 est.
486 2635 571 2699 Nam
584 2657 624 2698 ex
636 2633 747 2698 decem
759 2633 1057 2701 Controuersiarum
1069 2631 1156 2696 libris
1165 2654 1247 2720 quos
1256 2631 1326 2696 vul·

269 2757 371 2830 garat',
384 2742 529 2829 quinque
538 2741 590 2805 vix
599 2755 772 2828 supersunt
787 2740 895 2826 :iique
909 2737 992 2802 adeo
1007 2737 1110 2800 mutili
1121 2753 1152 2820 et
1160 2738 1324 2825 corrupti,

271 2863 307 2910 ut
318 2846 572 2935 fragmentorum
582 2847 688 2934 potius
698 2845 874 2933 congeriei,
885 2867 981 2932 quam
991 2843 1122 2930 alicujus
1130 2844 1244 2932 integri
1254 2865 1328 2908 cor·

270 2952 357 3040 poris
377 2953 515 3040 speciem
535 2950 683 3016 referant.
701 2951 811 3015 Graeca
822 2951 907 3014 enim
924 2950 1045 3031 omnia,
1058 2973 1129 3038 quae
1150 2949 1327 3014 notabilem

272 3060 378 3146 operis
389 3075 512 3147 partem
522 3057 719 3138 efficiebant,
732 3057 858 3146 penitus
869 3056 1110 3121 interciderunt.
1128 3057 1236 3120 Latina
1244 3079 1328 3120 vero

273 3188 400 3245 manca,
426 3164 575 3245 confusa,
600 3164 804 3252 perturbata,
829 3180 861 3226 et
882 3163 1004 3252 ubique
1029 3177 1094 3226 tam
1117 3163 1198 3226 male
1218 3162 1329 3226 habita

274 3287 365 3353 sunt,
378 3287 415 3335 ut
426 3272 450 3334 si
464 3271 532 3359 ipse
547 3286 660 3336 auctor
673 3270 811 3351 rediret,
830 3293 887 3334 sua
901 3293 969 3334 esse
986 3273 1133 3356 ejuraret.
1151 3270 1182 3336 N
1185 3292 1222 3334 ec
1236 3269 1330 3356 unde

274 3393 361 3443 tanta
373 3381 496 3464 jactura
512 3377 602 3442 facile
615 3378 758 3442 resarciri
774 3378 874 3466 possit
889 3376 1003 3459 video,
1020 3377 1078 3452 risi
1093 3377 1182 3441 Deus
1195 3376 1330 3462 aliquis,

276 3485 364 3550 velut
376 3507 416 3549 ex
424 3485 586 3566 machina,
597 3484 691 3550 alicui
705 3483 838 3549 feliciori
851 3483 956 3548 sidere
968 3499 1043 3548 nato
1054 3484 1208 3573 integrius
1224 3503 1333 3547 exem-

275 3593 345 3680 plar
362 3591 524 3658 obtulerit.
537 3591 639 3657 Nobis
651 3592 737 3655 enim
752 3605 817 3654 tarn
831 3590 976 3655 felicibus
991 3613 1060 3654 esse
1072 3590 1244 3677 hucusque
1261 3611 1334 3656 non

278 3700 420 3787 contigit,
430 3715 467 3763 ut
476 3699 578 3765 ullum
589 3698 951 3764 nanciscercmur¹.Nec
960 3696 1226 3761 temereinveniri
1236 3718 1336 3784 posse

324 3959 347 3994 1.
361 3939 433 3995 Vide
441 3913 521 4009 insin,
531 3959 577 4014 pp.
591 3957 638 4006 ar,
648 3957 685 3994 aa
694 3949 720 3992 et
730 3936 986 4010 addescriptionem
997 3945 1114 4007 quatuor
1127 3951 1188 3987 mss.
1205 3931 1335 3988 codicum

280 4055 349 4110 quos
362 4048 457 4111 postea
475 4036 600 4092 Andreas
620 4037 748 4092 schottus
775 4037 803 4089 in
823 4033 947 4088 manibus
957 4032 1070 4101 habuit,
1083 4029 1340 4102 Augustodunum

282 4154 396 4209 rtempe,
408 4135 570 4207 Brugensis,
586 4133 779 4190 Covarrusiani
793 4143 820 4186 et
830 4131 965 4186 Vaticani.
983 4129 1035 4187 Eo.
