2796 4902
224 327 271 398 36
396 330 399 336 ’
546 328 682 398 Anne.
709 328 961 414 sonemus

223 467 258 515 ut
268 451 407 516 Neronis
414 449 510 514 Drusi
519 465 698 538 praeceptor
708 450 753 516 M.
763 449 903 540 Lepidus
920 449 1074 532 extiterit,
1091 470 1189 538 quem
1205 473 1280 514 eum

193 568 195 572 ‘
221 559 343 622 Scauro
355 555 545 620 declamasse
555 557 693 639 Seneca,
706 571 739 620 et
747 558 844 622 Corn.
856 556 985 621 Tacitus
995 555 1050 620 lib.
1063 555 1106 637 ΙΙ,
1119 571 1151 619 et
1163 556 1282 645 Cn.Pi·

222 663 292 728 soni
313 661 406 727 caedis
417 661 598 727 Germanici
610 685 668 728 reo
683 662 813 728 affuisse
824 661 965 728 tradunt.
982 661 1087 727 Venio
1099 661 1140 727 ad
1151 663 1283 727 alteram

221 769 370 859 promissi
384 785 510 859 partem
527 782 549 834 ¹.

264 877 458 942 Declamatio
478 877 558 940 nihil
577 894 624 942 est
640 876 743 959 aliud,
761 901 859 965 quam
875 876 978 942 oratio
992 875 1197 957 scholastica,
1212 897 1284 962 qua

223 985 263 1048 sit
277 983 455 1051 forensium
465 987 630 1053 achonum
640 984 820 1067 meditatio,
828 1007 892 1074 qua
902 983 940 1048 ad
952 1005 1094 1073 pugnam
1101 981 1281 1062 forensem,

223 1090 312 1155 velut
323 1093 491 1180 praepilatis
505 1091 649 1157 exerceri
663 1091 739 1155 olim
753 1091 907 1155 solebant.
928 1089 1031 1155 Graeci
1044 1112 1062 1152 a
1077 1111 1156 1153 cura
1172 1102 1204 1152 et
1219 1109 1285 1152 me-

225 1193 377 1258 ditatione
398 1191 522 1282 μελέτας
552 1208 678 1259 vocant.
698 1193 748 1258 Sic
760 1193 829 1258 fere
842 1193 969 1258 Fabius.
982 1190 1103 1286 Seneca
1114 1191 1187 1256 alibi
1196 1191 1287 1259 aliter

229 1302 273 1364 ait
293 1299 503 1380 declamatum
518 1299 595 1366 ante'
610 1301 819 1382 Ciceronem,
835 1300 927 1366 aliter
937 1324 957 1364 a
970 1301 1144 1380 Cicerone,
1163 1297 1254 1364 aliter
1267 1319 1287 1362 a

224 1408 378 1496 posteris:
396 1403 487 1496 quod
498 1409 641 1472 studium
655 1409 698 1472 ait
713 1425 786 1498 post
800 1430 833 1472 se
847 1422 975 1490 natum,
988 1422 1020 1470 et
1029 1405 1284 1470 Declamationr's

225 1536 344 1578 nomen
355 1532 450 1604 negat
459 1531 533 1579 ante
546 1515 754 1595 Ciceronem,
768 1530 801 1578 et
812 1513 946 1579 Calvum
956 1514 1086 1579 lectum.
1099 1513 1177 1599 Ejus
1188 1509 1286 1575 studii

224 1623 443 1688 inventionem
461 1623 578 1686 Fabius
594 1621 749 1686 Demetrii
763 1619 917 1700 Phaleraei
928 1622 1026 1703 etati,
1038 1636 1094 1685 aut
1105 1621 1150 1684 illi
1160 1619 1220 1708 ipsi
1231 1618 1288 1682 tri-

224 1727 393 1792 buendum
412 1744 524 1817 putat,
540 1728 676 1792 fortasse
689 1728 886 1792 Demochari
898 1750 937 1792 ex
951 1728 1119 1792 Cicerone.
1141 1725 1289 1790 Primum

225 1857 304 1898 vero
326 1838 393 1921 ejus
410 1835 618 1923 professionis
641 1835 829 1924 magistrum
848 1835 959 1898 Romae
979 1834 1153 1898 Suetonius
1168 1833 1202 1896 L.
1217 1830 1290 1897 Plo·

226 1941 307 2004 tium
319 1939 462 2022 inducit,
481 1965 580 2030 quem
599 1958 632 2006 et
644 1942 800 2031 insignem
812 1941 949 2005 maxime
965 1939 1063 2005 fuisse
1075 1938 1192 2005 Fabius
1204 1961 1289 2003 com-

229 2065 398 2114 memorat.

276 2153 368 2219 Idem
389 2155 443 2219 lib.
467 2155 498 2219 X
533 2157 674 2245 primum
700 2155 777 2220 clari
805 2156 944 2219 nominis
971 2154 1193 2244 professorem·
1215 2151 1291 2216 facit

230 2260 383 2325 Porcium
397 2261 578 2326 Latronem.
596 2261 655 2324 Cui
665 2275 777 2346 tamen
792 2277 954 2349 quatuor,
971 2275 1027 2324 aut
1046 2261 1192 2348 quinque
1209 2277 1290 2346 prse-

228 2382 399 2455 ponuntur
421 2391 439 2431 a
459 2367 625 2433 Suetonio.
645 2367 689 2432 M.
711 2367 835 2431 Tullius
850 2365 939 2456 apud
957 2365 1108 2430 eumdem
1122 2363 1211 2429 dolet
1227 2363 1289 2427 sibi

229 2497 296 2538 non
318 2473 415 2538 licere
437 2475 580 2542 exerceri
600 2471 687 2563 apud
704 2459 864 2554 Plotium,
886 2473 1075 2537 auctoritate
1096 2493 1211 2535 eorum
1231 2470 1290 2556 qui

229 2579 373 2644 dicerent
383 2579 500 2645 Graecis
515 2580 796 2646 exercitationibus
814 2580 927 2644 melius
939 2579 979 2643 ali
992 2578 1119 2668 ingenia
1132 2599 1140 2641 ε
1153 2576 1292 2640 Asiatica

229 2687 327 2774 igitur
339 2687 391 2751 illa
406 2688 486 2752 ratio
502 2688 595 2752 Plotii
609 2686 700 2752 Galli.
712 2686 811 2773 Cujus
822 2701 931 2750 tamma
946 2709 1013 2750 non
1030 2683 1289 2764 Democharem,

228 2813 336 2879 neque
351 2793 567 2874 Demetrium,
579 2792 635 2858 scd
647 2793 834 2856 AEschinem
844 2791 919 2855 facit
933 2806 1100 2856 auctorem
1115 2789 1292 2854 Philostra-

173 2926 179 2941 ·
231 2913 298 2980 tus,
312 2898 412 2986 idque
426 2897 551 2981 Rhodi,
572 2917 604 2964 et
621 2922 692 2963 eam
708 2902 773 2986 jam
789 2920 886 2962 ruere
902 2921 960 2962 sua
973 2913 1064 2962 aetate
1079 2897 1204 2962 laetatur
1215 2895 1292 2960 Dio·

231 3004 341 3091 nysius
360 3005 631 3090 Halicarnasseus,
650 3005 905 3094 reviviscereque
920 3005 1051 3069 alteram
1066 3003 1151 3068 illam
1168 3002 1298 3090 Sophis-

232 3103 327 3166 ticam
367 3101 642 3192 φιλοσοφουμέμην,
679 3109 770 3193 cujus
798 3121 964 3194 parentem
986 3104 1062 3169 facit
1080 3103 1296 3168 Philostratus

234 3206 398 3297 Gorgiam.

277 3313 491 3398 Quintilianus
515 3315 598 3381 duos
613 3333 738 3383 tantum
752 3316 869 3408 gradus
889 3318 981 3398 facit,
1000 3333 1174 3404 antequam
1196 3315 1228 3377 in
1248 3312 1298 3378 fo·

234 3444 309 3485 rum
335 3421 523 3510 prodirent,
546 3447 649 3488 unum
672 3425 1010 3514 Progymnasmatum,
1031 3445 1107 3487 cum
1126 3419 1299 3486 dialecticis

234 3529 430 3618 argumentis
444 3552 452 3593 ε
473 3529 609 3594 alterum
622 3531 908 3596 Declamationum.
929 3529 1103 3594 Suetonius
1122 3543 1202 3609 tres,
1218 3527 1299 3590 Pro-

279 3791 303 3828 ι.
325 3774 355 3830 Si
369 3793 425 3830 non
437 3777 501 3830 satis
515 3785 621 3848 pateret
634 3774 703 3830 duos
717 3773 800 3829 fuisse
811 3776 957 3848 scriptores
975 3773 1026 3829 sub
1044 3773 1153 3831 Senecas
1164 3773 1298 3846 nomine,

235 3881 341 3945 patrem
356 3889 455 3944 nempe
466 3883 493 3926 et
513 3872 612 3941 filium,
625 3873 756 3928 lectorem
769 3874 969 3927 remitteremus
985 3871 1022 3927 ad
1040 3871 1220 3945 fragmentum
1235 3870 1302 3925 vitae

149 4037 155 4044 ι
235 3969 320 4041 patria
334 3968 442 4042 abipso
456 3969 488 4024 L.
513 3969 616 4025 Seneca
630 3972 752 4044 scriptae,
773 3971 848 4044 quod
863 3971 904 4026 lv
917 3972 1003 4026 nostri
1018 3971 1128 4027 Senecae
1142 3968 1302 4045 philosophi

236 4063 365 4120 volumini
377 4105 385 4134 ,
396 4084 422 4139 p.
438 4072 511 4137 411,
527 4068 696 4123 inseruimus.
717 4069 770 4125 Eo.
