2796 4902
420 427 556 498 ANDR.
583 429 825 498 SCHOlTUS.
1097 455 1137 498 ar

95 545 180 610 misit.
195 547 237 610 Et
251 569 330 612 vero
345 547 471 613 nullum
485 549 623 637 antiquae
636 550 825 638 eloquentiae
847 572 929 638 opus
947 551 1044 639 mag'u
1064 552 1145 616 resc-

94 653 179 716 rebat
197 653 360 744 integrum
382 655 635 744 inviolatumque
654 673 790 740 restare,
807 671 904 746 atque
914 657 975 722 hos
990 657 1143 736 declaram-

94 759 215 825 tionum
225 751 356 826 Senecae
363 762 472 828 libros.
482 763 605 828 Verum
614 764 741 852 quaeoh
750 765 897 830 acumina
907 766 1141 830 accuratissime

94 863 142 928 edi
152 867 340 954 oportebat,
352 890 410 932 seu
422 871 580 956 majorum
591 865 731 953 incuiia,
742 865 1000 960 sivetemporu'm
1008 872 1141 958 injuria,
1193 885 1196 894 '

74 970 78 978 '
92 993 190 1058 usque
202 994 244 1038 eo
255 972 424 1063 depravata
435 975 468 1040 in
481 997 595 1041 manus
609 993 733 1042 nostras
743 993 977 1067 peruenerunt,
994 993 1032 1041 ut
1044 980 1139 1066 pauci

90 1077 262 1146 admodum
279 1083 339 1148 hos
356 1083 638 1174 librosattingere,
658 1086 694 1150 in
713 1109 826 1151 manus
848 1109 993 1167 sumere,
1015 1086 1139 1151 nedum

91 1185 225 1275 legendo
235 1205 405 1258 conterere
418 1193 480 1257 sint
494 1193 562 1256 ausi
571 1216 579 1256 :
588 1192 749 1274 deterriti,
762 1193 878 1276 eredo,
891 1193 1021 1258 infinitis
1036 1216 1141 1282 prope

90 1317 188 1380 quum
200 1289 390 1366 mendarum
406 1301 647 1382 monstris,tum
657 1300 794 1383 lacunis,
807 1302 923 1390 quibus
938 1300 1012 1365 libri
1021 1299 1141 1382 illi,'cae-

89 1416 153 1464 tera
163 1401 273 1468 diserti
287 1421 320 1469 et
330 1407 430 1487 acuti,
451 1405 611 1528 deformes
623 1407 763 1472 hiabant.
780 1407 923 1470 Disertos
945 1405 1026 1486 dixi,
1049 1405 1140 1494 quod

89 1615 163 1680 tius:
171 1633 284 1682 acutos
292 1619 490 1707 vero,quod
496 1619 684 1685 Graecorum
695 1619 782 1684 natio
792 1617 1059 1684 hrcdeelamrtans
1068 1619 1141 1682 suh

88 1721 180 1786 tiliter
200 1723 338 1789 inventis
361 1741 506 1808 austeros,
525 1742 622 1814 atque
644 1726 827 1815 excogitatis
846 1725 976 1814 argutiis
998 1739 1137 1812 superet.

126 1827 213 1892 Olim
230 1846 320 1896 certe
334 1832 536 1915 Desiderius,
556 1849 589 1898 et
606 1833 776 1898 Pincianus
799 1854 899 1922 graece
921 1831 1099 1920 peritissimi
1123 1855 1141 1892 e

86 1936 246 2000 veteribus
264 1934 444 2020 codicibus,
458 1940 576 2027 quibus
588 1939 742 2004 Senecam
754 1938 883 2003 edolare
896 1938 1033 2027 aggressi
1044 1951 1139 2016 sunt,

86 2063 263 2127 graecorum
285 2043 447 2110 dictorum
469 2041 660 2110 nec'volam
683 2069 744 2112 nec
776 2045 945 2135 vestigium
967 2065 1082 2108 eruere
1106 2065 1141 2106 se

85 2147 226 2232 potuisse
243 2149 385 2240 ingenue
403 2151 555 2216 fatentur.
576 2153 688 2216 Nostri
708 2174 841 2240 quoque
857 2167 998 2239 quatuor
1013 2149 1140 2214 codices

85 2253 180 2342 longe
190 2256 399 2344 antiquissimi
410 2258 533 2323 calaruo
544 2258 577 2321 in
590 2259 783 2324 membranis
794 2259 925 2338 exarati,
946 2256 1028 2322 adeo
1040 2279 1141 2346 grece

83 2361 224 2449 ineptes
241 2362 376 2428 librariis
397 2364 506 2453 scripti
527 2379 634 2446 erant,
654 2381 693 2429 ut
705 2367 815 2451 jurare
834 2365 953 2451 liqueat
973 2385 1014 2427 ne
1035 2363 1142 2450 legere

83 2465 216 2552 quidem
224 2465 366 2549 ,nedum
376 2469 682 2558 intelligere,saeculi
692 2470 825 2534 fortasse
836 2470 929 2552 vitio,
942 2469 1060 2532 scribas
1072 2467 1141 2531 illos

85 2573 219 2637 neusse.
239 2575 365 2640 Ductus
382 2589 507 2639 tantum
519 2576 697 2642 litterarum
713 2592 892 2662 utcumque
914 2575 1058 2660 sequuti,
1073 2593 1139 2636 ιιοιι

84 2683 264 2770 assequuti,
276 2683 538 2772 Longobardicos
548 2684 657 2772 potius
668 2684 868 2748 characteres
879 2681 1040 2746 exhibent.
1055 2677 1143 2762 Quid

83 2809 161 2876 ergo
171 2787 186 2852 ἓ
198 2789 348 2854 Hariolus
358 2789 467 2878 itaque
476 2790 524 2854 fui
535 2789 717 2870 interdum,
728 2805 760 2853 et
768 2789 897 2853 Delium
909 2803 1086 2852 natatorem
1101 2785 1151 2856 ad,

82 2894 189 2960 hiatus
204 2896 397 2985 explendos,
409 2896 461 2964 vel
475 2897 642 2985 OEdipum
653 2897 776 2986 potius,
790 2896 846 2986 qui
860 2895 1022 2984 aenigmma
1036 2893 1155 2964 dissol-¹
1203 2985 1208 2994 ‚

81 3017 190 3084 seret,
202 3001 345 3068 adhibui.
363 3003 490 3068 Sortem
504 3002 647 3090 denique
661 2999 791 3067 Senecae
805 3003 989 3082 miseratus,
1005 3001 1140 3089 conqui-

81 3109 155 3188 sivi,
170 3107 289 3174 frustra
298 3124 423 3190 tamen,
434 3125 545 3176 vetera
558 3109 766 3198 exemplaria:
778 3107 868 3196 quod
885 3107 940 3172 filii
955 3103 1141 3196 philosophi

81 3213 183 3277 Stoici
197 3216 321 3302 scriptis
332 3216 420 3279 libris
433 3216 537 3305 plenas
555 3216 618 3279 sint
634 3237 747 3280 omnes
761 3215 906 3279 omnium
923 3213 1140 3292 bibliothecas,

80 3313 198 3386 contra
208 3345 289 3386 vero
304 3323 412 3388 nullus
434 3323 573 3388 rhetoris
595 3317 707 3388 eodex'
715 3325 865 3412 antiquus
877 3322 1078 3444 investiganti
1092 3321 1140 3384 ol'-

79 3427 243 3492 ferretur:
251 3428 382 3494 tandem
392 3429 497 3494 Toleti
509 3431 774 3518 Carpetanorum,
783 3453 885 3517 quum
896 3430 929 3492 in
942 3451 1017 3492 eum
1024 3449 1142 3490 sermo

15 3549 16 3590 3
78 3557 159 3598 nem
171 3533 406 3618 incidissemus,
423 3537 499 3600 Ant.
521 3536 746 3616 Cosamuvias,
770 3535 883 3599 Didaci
896 3534 1011 3612 frater,
1036 3531 1139 3595 excel-

15 3625 17 3804 l

76 3639 204 3703 lenti
175 3663 226 3705 ιιι
246 3657 278 3705 et
303 3641 496 3730 antiquitatis
520 3656 553 3706 et
571 3642 653 3729 juris
676 3641 774 3706 civilis
795 3640 955 3720 doctrina,
976 3653 1138 3702 vetustum

76 3747 162 3810 mihi
173 3745 318 3818 codicem
328 3747 488 3812 utendum
497 3747 731 3836 tradrdrtlonge
739 3747 915 3835 optimum
924 3767 1036 3834 exque
1049 3761 1139 3808 eruta
1225 3789 1228 3799 .

76 3875 185 3942 graeca
206 3853 361 3919 nonnulla
374 3877 449 3919 curn
463 3854 499 3918 P.
517 3853 668 3918 Ciaeonio
686 3854 821 3940 homine
844 3851 1026 3916 doctissimo
1051 3875 1139 3916 com-

77 3959 279 4041 municarat,
293 3980 364 4049 quae
376 3975 408 4025 et
418 3961 453 4023 in
462 3959 532 4026 Nic.
541 3960 567 4023 F
568 3959 636 4024 obri
642 3960 669 4024 J.
678 3961 713 4024 C.
724 3957 885 4024 clarissimi
897 3981 1025 4040 manus,
1035 3958 1140 4022 Roma
1158 4019 1160 4024 ,
1243 4009 1250 4056 .·

76 4067 120 4128 ah
135 4067 243 4130 amico
254 4069 362 4149 missa,
387 4081 615 4157 pervenerunt.
639 4065 718 4130 Mox
738 4066 952 4131 Tarraconem
975 4065 1016 4128 ad
1037 4064 1142 4134 omnis

80 4173 240 4238 doctrinar
251 4175 428 4264 principem
442 4175 517 4240 Ant.
533 4174 750 4263 Augustinum
765 4174 1043 4262 arehiepiscopum
1056 4171 1140 4234 litte·
