2796 4902
284 334 330 406 32
600 327 737 400 ANDR.
764 325 1017 409 SGHOITUS,

281 455 484 544 expiraturus
502 465 598 533 essct,
607 447 822 530 subductum,
838 464 874 512 ut
888 464 1003 513 auctor
1017 461 1065 512 est
1076 446 1139 512 Dio
1150 447 1204 513 lib.
1219 445 1334 529 LVIII,

272 561 492 627 'centesimum
514 579 650 638 annum,
668 570 700 620 ct
713 552 804 642 quod
815 555 972 634 excurrit,
984 554 1120 643 attigisse
1128 556 1198 641 quis
1205 554 1335 620 credat?

283 671 383 756 Cujus
396 664 530 756 periculi
543 664 612 753 ipse
628 662 789 743 meminit,
802 660 859 726 sed
874 661 1090 742 subobscure,
1102 659 1194 725 Praef.
1219 660 1274 726 lib.
1288 661 1336 725 lV

282 775 355 840 Nat.
369 773 486 855 Quaest.
497 769 588 834 Idem
599 790 678 833 vero
689 770 777 860 epist
786 766 826 831 ad
833 767 991 832 Lucilium
1006 759 1077 850 ao8,
1091 770 1171 850 Sua,
1180 763 1228 856 (ut
1236 789 1336 832 anno·

283 903 357 946 rum
363 878 518 942 rationem
533 874 714 940 subducere
724 872 889 962 incipiam)
900 873 944 938 sic
962 872 1003 938 de
1016 871 1146 938 Judaica
1159 873 1334 962 religione:
1380 937 1383 944 .

281 1018 296 1043 a
316 977 1335 1071 InTiberialnquit,Caesarisprincipatumjuventatempusinci-

284 1123 298 1149 a
315 1092 404 1157 derat
419 1114 427 1156 :
442 1081 755 1178 alienigenarumque
767 1088 910 1178 gentium
927 1110 1015 1153 sacra
1025 1089 1239 1154 movebantur
1255 1087 1339 1155 :sed

284 1200 396 1264 «inter
433 1211 620 1292 argumenta
650 1194 883 1284 superstitionis
910 1194 1094 1284 ponebatur
1120 1193 1341 1283 quorumdam

285 1337 297 1362 a
314 1305 511 1370 abstinentia.
521 1304 615 1368 Patre
631 1302 739 1390 itaque
750 1324 822 1366 meo
833 1315 983 1390 rogante,
996 1301 1051 1390 qui
1066 1323 1135 1365 non
1146 1301 1336 1366 calumniam

286 1411 461 1491 «timebat,
480 1407 538 1474 sed
555 1407 791 1498 philosophiam
814 1405 942 1489 oderat,
962 1406 1003 1472 ad
1018 1408 1181 1497 pristinam
1203 1431 1337 1474 consue·

286 1517 459 1582 «tudinem
471 1516 568 1597 redii,
585 1537 646 1580 neo
670 1513 842 1579 difficulter
863 1515 958 1596 mibi,
977 1529 1015 1578 ut
1034 1515 1208 1604 inciperem
1224 1515 1338 1581 melius

285 1655 299 1682 a
314 1647 457 1705 coenare,
472 1621 637 1712 persuasit.
652 1652 666 1678 υ
682 1619 721 1686 Id
734 1642 813 1686 vero
834 1620 953 1686 facturn
972 1620 1101 1686 Tacitus
1115 1632 1258 1686 extremo
1269 1623 1338 1688 An-

285 1731 347 1796 nali
363 1726 513 1795 'secundo
530 1729 565 1792 in
579 1727 699 1792 Tiberii
715 1743 841 1793 sextum
858 1745 997 1808 annum,
1011 1727 1100 1792 urbis
1111 1749 1189 1793 vem
1203 1725 1340 1793 conditae

285 1835 600 1926 septingentesimum
609 1835 877 1924 septuagesimum
891 1833 1071 1899 secundum
1082 1835 1206 1917 retulit,
1229 1833 1276 1902 Μ.
1291 1834 1338 1898 Si-

283 1943 374 2024 lano,
393 1943 428 2007 L.
443 1942 600 2008 Norbano
620 1942 707 2006 Coss.
731 1942 832 2030 Atqui
844 1941 917 2005 viva
933 1941 1122 2006 Giceronem
1134 1927 1220 2006 'voce
1239 1940 1342 2006 decla-

283 2043 426 2114 mantem
446 2047 639 2113 declamator
664 2061 775 2111 noster
795 2045 909 2112 audire
922 2067 955 2110 se
973 2045 1116 2135 potuisse
1130 2045 1281 2129 affirmat,
1305 2047 1341 2109 in

281 2154 337 2219 illo
350 2154 447 2237 atrio,
460 2153 494 2218 in
506 2177 573 2242 quo
587 2153 669 2219 duos
680 2150 816 2243 grandes
824 2167 1026 2242 praetextatos
1039 2173 1150 2217 secum
1162 2152 1343 2218 declamare

281 2261 391 2326 solitos
403 2261 445 2326 ait
458 2261 503 2326 M.
513 2261 656 2325 Tullius¹
670 2277 679 2324 t
692 2281 774 2349 quos
785 2259 958 2324 Suetonius
968 2260 1172 2348 Tranquillus
1182 2257 1344 2342 Hirtium,

281 2384 313 2432 et
319 2369 452 2432 Pansam
460 2367 614 2431 nominat.
623 2367 736 2431 Cicero
745 2388 823 2430 vero
831 2366 888 2430 lib.
900 2364 1004 2446 1X‚ad
1012 2367 1174 2454 Papirium
1183 2366 1341 2431 Paetum’:

282 2505 294 2528 a
312 2473 469 2556 HIrtium,
483 2472 605 2562 inquit,
622 2489 654 2537 et
673 2472 870 2538 Dolabellam
888 2471 1014 2536 dicendi
1028 2473 1200 2561 discipulos
1212 2473 1344 2554 habeo,

262 2647 263 2652 ,
283 2611 296 2636 a
314 2579 461 2645 coenandi
471 2581 647 2670 magistros.
661 2581 748 2644 Puto
757 2580 841 2644 enim
855 2595 888 2644 te
900 2571 1024 2644 audisse
1036 2579 1108 2644 illos
1121 2576 1208 2668 apud
1222 2593 1273 2642 me
1285 2579 1341 2644 de·

280 2717 293 2742 a
306 2686 484 2769 clamitare,
499 2709 552 2750 me
570 2684 657 2774 apud
671 2707 727 2750 cos
739 2687 901 2752 coenitare.
914 2713 927 2742 a
941 2687 983 2750 Et
994 2682 1095 2750 mox³
1108 2707 1116 2749 :
1127 2715 1140 2741 a
1155 2686 1206 2748 Tu
1223 2685 1291 2752 istic
1308 2701 1343 2750 te

282 2823 295 2848 a
310 2793 484 2857 Hateriano
491 2795 565 2880 jure
577 2792 745 2873 delectato,
755 2815 815 2881 ego
823 2815 875 2857 me
882 2793 935 2856 hic
943 2793 1099 2857 Hirtiano.
1108 2821 1121 2848 ι»
1129 2793 1170 2856 Et
1176 2809 1306 2856 rursum
1315 2807 1342 2855 ⁴:

284 2898 456 2962 «Veniunt
481 2899 538 2986 qui
556 2921 610 2962 me
624 2897 772 2980 audiant,
794 2899 883 2986 quasi
907 2897 1039 2964 doctum
1060 2898 1245 2980 hominem,
1267 2899 1343 2985 quia

285 3035 298 3058 a
314 3005 410 3092 paulo
421 3028 503 3086 sum,
516 3028 613 3092 quam
623 3005 692 3094 ipsi,
701 3004 836 3070 doctior.
848 3036 861 3062 a
875 3005 924 3069 Do
935 2996 1244 3070 hacconsuetudine
1253 3003 1342 3068 idem

283 3110 337 3174 lib.
346 3110 409 3174 VII
424 3127 568 3175 extremo
581 3134 707 3194 earum,
720 3133 791 3200 quat
802 3110 840 3176 ad
854 3112 1021 3176 familiares
1037 3128 1126 3192 sunt,
1136 3111 1343 3200 epistolarum

284 3216 401 3281 scribit.
418 3218 461 3281 Et
478 3215 560 3281 filius
579 3219 647 3306 ipse
665 3218 776 3282 Tironi
787 3219 842 3283 lib.
855 3218 948 3299 XVI,
960 3219 1057 3307 patris
1079 3216 1179 3281 credo
1193 3217 1344 3305 exemplo

283 3321 455 3398 incitatus:
485 3353 498 3379 a
517 3317 757 3406 Declamitare‚'
774 3325 897 3412 inquit,
929 3321 1016 3413 apud
1050 3324 1208 3407 Cassium,
1238 3345 1343 3412 graece

282 3458 297 3485 ι
314 3429 482 3512 constitui,
506 3429 602 3494 latine
615 3447 723 3495 autern
739 3431 827 3520 apud
839 3431 976 3494 Brutum
994 3430 1137 3495 exerceri
1149 3425 1233 3494 volo.
1246 3459 1259 3486 ι»
1275 3427 1344 3492 Sed

282 3536 359 3601 binc
371 3537 558 3625 priusquam
569 3537 697 3619 abeam,
710 3537 791 3602 illud
802 3538 928 3603 curiose
942 3537 1180 3602 observandum
1193 3535 1288 3616 dum,
1305 3553 1345 3600 ut

326 3791 350 3828 1.
371 3775 433 3831 Lib.
447 3776 483 3831 de
497 3775 583 3832 Clanis
596 3777 759 3834 oratoribus.

324 3889 350 3926 a.
372 3872 433 3927 Lib.
452 3893 492 3943 rx,
506 3894 548 3948 ep.
565 3875 607 3932 16.

322 3967 349 4022 3.
372 3969 432 4023 Lib.
449 3989 491 4044 rx,
505 3992 546 4045 ep.
568 3992 609 4044 ¹7·

323 4070 349 4134 tp.
372 4065 421 4142 Ep.
439 4085 484 4123 ao.
