2796 4902
212 424 277 503 DE
301 423 433 492 lucr.
457 422 516 494 ET
539 419 741 491 DECLAM.
768 419 980 490 RATIONE.
1065 418 1113 502 43

70 539 1113 634 dicatumestSolebantenirnjuvcnes,postquamaGrarnmatieo
1151 557 1156 576 ·

69 648 1117 742 dimissiessent‚adllhetoremaccedere,apudquemcommunes

69 755 234 821 disserendi
257 757 347 822 locos
371 756 592 840 addiscebant,
622 756 740 828 deinde
768 757 857 824 fictas
879 757 1117 822 controversias

67 865 264 954 peragebant.
276 865 331 930 Eae
341 880 398 931 aut
411 888 450 930 ex
463 865 602 930 historiis
614 867 837 946 trahebantur,
850 879 906 928 aut
919 885 959 928 ex
972 887 1027 946 re,
1042 885 1115 952 quaa

67 969 142 1034 sorte
154 993 268 1036 recens
282 973 482 1062 contigisset,
499 971 676 1061 plurimum
689 971 730 1040 ad
744 995 845 1062 genus
852 968 1003 1058 judiciale
1019 971 1115 1062 perti-

67 1079 197 1161 nebant,
214 1101 283 1143 non
296 1079 455 1146 absimiles
468 1079 636 1170 speciebus
654 1079 888 1160 Consiliorum,
903 1078 1021 1168 quibus
1036 1099 1117 1166 quo·

65 1183 134 1249 tidie
152 1185 373 1250 iureconsulti
390 1187 491 1252 nostri
511 1183 589 1252 dant
613 1205 768 1276 responsa
787 1208 796 1252 r
815 1183 897 1250 adeo
920 1200 974 1268 ut,
991 1185 1018 1250 si
1037 1182 1115 1266 illis,

65 1289 147 1380 quod
169 1291 356 1356 facillimum
376 1307 473 1373 esset,
493 1293 602 1382 legum
623 1291 695 1358 loca
713 1292 981 1382 allegationesque
1000 1289 1115 1376 adjice-

64 1414 188 1480 rentur,
204 1399 285 1462 nihil
297 1422 317 1463 a
327 1399 465 1464 consiliis
476 1400 666 1466 nostratium
678 1398 839 1464 differant.
857 1397 929 1464 Hoc
941 1420 1006 1486 pree
1021 1419 1055 1462 se
1067 1397 1113 1460 fe·

63 1520 132 1567 runt
150 1505 334 1592 specimen,
351 1528 424 1592 quar
440 1506 615 1570 etiamnum
634 1521 743 1571 extant
761 1491 1116 1595 fragrnentaDeclama-

62 1611 179 1674 donum
198 1609 387 1694 Quintiliani
402 1612 552 1694 nomine,
572 1634 644 1702 quae
667 1611 709 1678 ad
732 1633 837 1702 usque
852 1632 1028 1676 numerum
1051 1607 1115 1674 136

62 1715 213 1782 'lhadaeus
237 1717 394 1808 Ugoletus
423 1717 602 1785 Parmensis
631 1719 665 1784 in
695 1717 865 1808 publicum
889 1714 990 1784 dedit.
1021 1715 1062 1782 Id
1085 1730 1118 1783 et

64 1819 260 1912 deprehendi
280 1825 315 1888 in
336 1825 374 1888 iis
398 1840 520 1913 potest,
544 1849 624 1914 quas
647 1826 761 1892 Annaei
778 1825 908 1891 Senecae
928 1823 1026 1912 patris
1048 1844 1116 1888 esse
1157 1905 1161 1914 .

14 1967 15 1972 κ
64 1931 216 2018 superiori
237 1932 342 2018 capite
363 1933 473 1996 censui
489 1954 573 1998 :uec
585 1930 730 2005 ‚dubium
745 1947 810 2014 est,
831 1933 910 2020 quin
920 1945 1011 1996 recte
1022 1929 1056 1994 in
1072 1931 1117 1994 eis

66 2037 220 2100 institutus
234 2035 439 2120 adolescens,
455 2041 577 2126 majore
596 2039 768 2127 profectu,
787 2059 849 2102 nee
860 2037 954 2102 illotis
967 2037 1115 2100 nranibus

63 2141 111 2206 lus
121 2143 214 2206 civile
225 2159 445 2231 pertractaret
465 2143 529 2210 Sed
540 2147 594 2209 vix
606 2145 745 2210 obtineri
757 2146 825 2210 haec
836 2146 917 2209 ratio
933 2142 1032 2208 hodie
1043 2165 1115 2232 pos·

64 2267 118 2330 set,
139 2250 231 2339 quod
247 2253 310 2316 rari
325 2251 530 2318 Grammatici
551 2254 628 2318 huic
647 2252 776 2334 muneri
790 2253 856 2341 apti
869 2254 932 2317 sint
947 2272 956 2318 :
972 2268 1004 2317 et
1018 2252 1044 2315 si
1058 2252 1118 2340 qui

64 2357 198 2444 alioquin
211 2357 380 2439 essent,ad
392 2358 553 2440 uberiora,
566 2359 758 2448 utiliumque
769 2359 893 2449 Legum
905 2375 936 2423 et
947 2357 1117 2424 Medicinas

64 2461 160 2526 studia
171 2465 367 2552 pertransire
378 2465 517 2548 malunt,
530 2488 628 2553 quarn
638 2466 723 2528 inter
735 2487 855 2554 pueros
870 2483 1113 2529 consenescere.

66 2567 148 2633 lnter
170 2567 400 2635 declamatores
420 2570 549 2636 celebre
568 2587 615 2636 est
634 2569 734 2637 hodie
753 2571 877 2636 Libanii
891 2569 1047 2658 Sophistae
1062 2591 1118 2632 no·

65 2695 148 2757 meu,
167 2675 226 2763 qui
241 2676 362 2740 horum
373 2675 556 2741 studiorum
571 2699 666 2742 causa
679 2669 756 2742 sane
768 2699 866 2765 quarn
875 2691 991 2764 ¹gratus
1007 2695 1117 2762 accep-

66 2796 177 2869 tusque
193 2781 320 2846 Iuliano
338 2783 529 2872 Imperatori
540 2784 602 2847 fuit
615 2787 702 2870 :ejus
714 2782 988 2871 vitamEunapius
1001 2779 1118 2846 descri-

64 2887 187 2974 psitrut
198 2888 289 2954 Pauli
301 2889 390 2979 Tyrii
400 2890 556 2980 Sophistae
566 2887 688 2956 Suidas.
720 2963 724 2980 ι

216 3272 275 3335 JO.
293 3273 523 3335 LUDOVICUS
543 3271 663 3335 vtvtts
686 3273 961 3352 VALENTINUS,

317 3441 380 3496 Lib.
393 3443 461 3514 ΙΙΙ,
482 3447 669 3498 detrudendis
689 3447 847 3516 disciplinis.
922 3435 925 3443 Ι

102 3617 259 3683 Senecam
274 3619 451 3685 Rhetorem
470 3620 577 3687 licebit
593 3623 759 3703 evolvere,
781 3647 800 3688 a
819 3647 885 3712 quo
907 3623 1115 3706 multumsd·

59 3727 224 3809 jurabitur
245 3729 437 3812 verborum,
464 3746 496 3795 et
517 3731 739 3820 propriorum,
767 3748 799 3794 et
820 3733 1046 3797 translatorum
1066 3735 1116 3817 vi,

62 3847 130 3896 tum
147 3835 256 3922 copia,
272 3850 303 3898 et
317 3837 467 3900 varietate
480 3853 618 3930 :utrem
634 3837 779 3901 eamdem
790 3838 921 3919 crebro,
934 3855 966 3903 ct
976 3839 1044 3904 sine
1057 3841 1116 3905 las·

61 3936 138 4002 tidie
153 3940 274 4029 possint
292 3965 472 4030 exponere:
487 3942 691 4032 multumque
707 3943 796 4009 alere
809 3960 914 4033 potest
932 3944 1113 4012 facundiam
1216 3997 1217 4000 ,

62 4045 206 4131 latinam,
221 4050 416 4140 metaphoris
433 4051 649 4141 potissimum,
669 4075 735 4140 pras
750 4053 870 4120 caeteris
889 4054 1115 4144 scriptoribus,

14 4185 15 4196 κ
62 4151 174 4218 dextre
186 4155 442 4222 accommodatis.
