2796 4902
249 359 293 412 »υ
568 316 705 400 Jusro
730 331 876 398 mrs1o
899 333 970 400 ac.
1000 323 1008 416 ⁸,

244 453 455 544 spondentes:
465 453 516 517 ille
532 473 610 516 vero
623 441 783 534 Sullanas,
796 451 913 538 quibus
920 453 955 516 L.
968 453 1154 518 Cornelium
1163 455 1295 536 Sullam,

244 581 281 629 ut
291 587 324 628 se
336 563 490 628 dictatura
507 559 670 643 abdicare,
683 581 720 624 ac
733 560 873 649 privatus
887 559 1018 650 degere,
1033 563 1102 628 ¹sine
1117 565 1296 652 tyrannidis

242 669 361 736 invidia
374 669 466 750 uelit,
483 669 641 733 hortatur.
653 668 781 732 Tertius
801 666 942 757 denique
952 668 986 733 in
1000 671 1182 758 Carpetania
1200 672 1293 736 Joau.

241 779 386 842 Petreius
399 774 597 856 Toletanus,
607 790 720 863 poeta,
733 789 765 838 et
779 774 892 840 rhetor
903 775 1152 864 Complutensis,
1169 778 1295 866 quibas

239 887 322 972 ipsas
337 884 465 949 Senecae
481 881 725 945 declamationes
742 896 816 969 post
834 880 861 946 F
862 882 928 946 erd.
949 882 1135 947 Pincianum
1148 884 1292 972 interpo-

239 991 323 1054 lavit.
338 991 423 1054 Nam
437 1003 470 1052 et
480 987 639 1076 poetieam
650 1009 749 1052 nureo
760 987 816 1050 illo
833 987 948 1052 saeculo
965 975 1114 1054 tractasse
1133 990 1294 1078 Hispanos

238 1097 272 1160 in
295 1095 412 1184 vulgus
433 1109 565 1174 notum,
578 1116 680 1181 quum
700 1092 925 1158 Cordubenses
947 1096 1150 1183 poetae,licet
1171 1095 1293 1185 pingue

241 1201 394 1290 quiddam
408 1216 439 1294 et
450 1223 591 1264 crassum
606 1214 771 1280 sonantes,
784 1197 905 1289 grande
919 1215 1025 1264 tamen
1038 1223 1165 1265 carmen
1171 1223 1293 1295 pange-

202 1325 205 1332 ’
238 1310 327 1372 bant
339 1307 379 1370 In
390 1305 490 1372 Callia
501 1304 619 1370 deinde
629 1306 812 1370 Ausonium
822 1305 990 1395 Burdigala
1002 1307 1129 1371 extulit:
1139 1308 1251 1371 extulit
1261 1324 1294 1371 et

238 1415 357 1479 multos
371 1415 412 1478 ab
423 1412 496 1494 illo,
510 1428 542 1476 et
555 1413 589 1476 B.
609 1412 809 1500 Hieronymo
826 1411 969 1476 laudatos
982 1397 1067 1477 bene
1082 1411 1207 1477 dicendi
1218 1437 1293 1502 pro·

218 1507 222 1512 ¹
238 1523 391 1602 fossores,
403 1536 441 1584 ut
455 1535 487 1583 et
497 1519 621 1606 reliqua
629 1517 729 1582 Gallia
737 1517 920 1607 complures
931 1565 940 1599 ,
952 1518 1009 1608 qui
1020 1534 1093 1607 post
1106 1520 1141 1583 C.
1152 1519 1292 1584 Plinium

228 1627 440 1718 Panegyrieis
451 1624 641 1690 floruerunt.
654 1625 693 1688 In
702 1623 752 1688 his
767 1625 897 1688 Latinus
907 1625 1042 1710 Pacatus
1058 1625 1238 1714 Drepanius
1258 1642 1291 1689 et

177 1743 179 1748 “
237 1731 785 1821 Nazarius,quietipseEunomiam
796 1729 979 1820 filiampatri
992 1731 1292 1821 eloquentiaparem

237 1841 361 1905 habuit.
374 1841 458 1906 Nam
469 1840 503 1903 L.
521 1838 642 1903 Plotius
653 1837 778 1920 Gallus,
788 1841 853 1923 jam
861 1837 938 1902 inde
949 1861 967 1903 a
978 1839 1013 1903 L.
1024 1839 1126 1902 Crassi
1137 1839 1292 1928 tempori-

235 1947 309 2026 bus,
321 1945 418 2009 latine
430 1942 557 2010 dicendi
567 1944 678 2008 Romae
688 1959 882 2033 praeceptor:
892 1960 944 2026 ut,
952 1945 1100 2034 Augusto
1114 1967 1225 2008 rerum
1237 1967 1294 2032 po·

236 2041 312 2133 tito,
324 2050 482 2116 Votienus
493 2050 668 2114 Montanus
679 2051 912 2133 Narbonensis,
924 2065 998 2140 post
1010 2074 1029 2114 a
1043 2051 1173 2116 Tiberio
1188 2050 1221 2116 in
1237 2053 1295 2114 Ra-

118 2183 121 2192 ·
232 2156 1292 2247 lcaresinsulasrelegatus:quoetiamimperanteDomitiumAfrum

236 2261 998 2347 oratoremNemausus,etClodiquuiriualem
1007 2265 1172 2329 rhetorem
1180 2262 1292 2327 Arelas
1356 2306 1361 2319 ι

236 2371 318 2434 Urbi
326 2369 423 2434 dedit.
435 2369 583 2458 Caligula
594 2370 729 2458 imperio
740 2371 839 2459 Trogi
847 2370 990 2459 Pompeii
999 2384 1090 2458 pater
1101 2368 1293 2433 eVocontiis

236 2477 360 2542 claruit.
374 2476 514 2541 Neronis
534 2497 667 2564 quoque
685 2476 856 2565 tyrannide
868 2477 902 2541 L.
923 2476 1032 2540 Tatius
1053 2475 1118 2540 sive
1135 2474 1291 2554 Ursulus,

233 2584 299 2647 sive
312 2583 464 2647 Surculas
474 2580 630 2646 Tbolosas
642 2583 836 2648 rhetoricam
850 2584 960 2647 Rome
971 2581 1098 2663 docuit,
1113 2580 1292 2668 eademque

152 2753 155 2761 ,
232 2704 420 2778 tempestate
435 2688 539 2753 Julius
551 2689 666 2753 Florus
686 2689 906 2777 patruusJulii
917 2688 1071 2770 secundi,
1090 2690 1176 2774 ejus,
1191 2709 1291 2775 quem

232 2795 413 2860 afacundia
424 2795 469 2858 Μ.
483 2793 600 2858 Fabius
611 2795 694 2858 mire
712 2795 871 2883 praedicat.
888 2777 991 2881 Hujus
1011 2816 1144 2882 quoque
1162 2793 1290 2881 tequffis

150 2925 153 2930 ’
231 2901 276 2964 Μ.
288 2901 377 2988 Aper
388 2915 509 2963 naturae
519 2900 551 2962 vi
562 2915 659 2987 atque
667 2900 797 2988 ingenio
811 2901 978 2964 excellens.
990 2901 1022 2964 N
1025 2923 1061 2964 ec
1072 2901 1196 2964 silentio
1207 2922 1289 2988 prae-

231 3005 382 3070 tereundi
389 3004 557 3092 Aquitani,
568 3007 712 3071 Paterius
724 3022 821 3094 atque
829 3005 985 3072 Delfidius
994 3008 1166 3072 acerrimus
1176 3023 1288 3071 orator

230 3113 446 3178 aMarcelliud
461 3113 625 3195 laudatus,
637 3115 782 3179 Alcimus
793 3115 824 3180 N
826 3115 970 3196 itiobrix,
984 3115 1132 3179 Tiberius
1151 3115 1285 3196 Victor,

228 3221 450 3306 Aletheusque
471 3219 845 3307 Burdigalensis..Taceo
866 3236 898 3285 et
916 3245 934 3285 a
955 3220 1088 3285 Sidonio
1108 3221 1285 3309 Apollinari

228 3329 393 3392 Arvernos
404 3323 553 3412 aequales,
570 3325 738 3414 clarosque
750 3325 956 3391 dicendiarte
968 3327 1174 3392 collaudatos.
1190 3327 1285 3391 Adeo
1305 3322 1309 3340 ⁴

167 3453 169 3456 ·
227 3438 261 3498 in
273 3433 389 3498 exteris
399 3431 586 3519 regionibus
605 3455 723 3514 aureo,
741 3456 778 3497 ac
797 3448 871 3521 post
889 3433 984 3498 etiam
1001 3434 1150 3522 aequiore
1166 3434 1284 3498 saeculo

227 3520 427 3629 eloquentia,
442 3537 518 3602 licet
531 3554 684 3627 corrupta
701 3539 849 3603 nonnihil
868 3539 965 3604 aetatis
979 3541 1073 3622 uitio,
1088 3541 1197 3630 viguit.

268 3649 333 3712 Sed
348 3647 389 3712 ad
409 3647 563 3711 Senecam
577 3662 724 3711 nostrum
741 3647 952 3712 revertor:ad
967 3671 1065 3736 quem
1076 3671 1178 3736 quum
1192 3646 1284 3711 fieret
1308 3705 1316 3714 .

226 3776 418 3833 concursus,
436 3777 473 3818 ac
493 3754 612 3840 Thesin
630 3755 826 3844 propositam
839 3753 1070 3838 declamitando
1081 3771 1150 3819 tum
1162 3754 1281 3836 Greci,

227 3877 297 3924 tum
308 3859 411 3922 Latini
426 3876 606 3940 versarent,
619 3861 781 3942 omnium,
796 3877 835 3924 ut
848 3876 915 3924 erat
927 3859 1093 3924 excellenti
1109 3862 1280 3942 memoria,
1350 3865 1354 3870 '

225 3965 452 4052 sophistarum,
460 3966 517 4050 qui
527 3965 564 4028 iu'
573 3967 774 4052 ejus'aetatem
783 3966 972 4046 inciderant,
981 3964 1159 4030 dicta'velu't'
1167 3967 1280 4030 intbe-

222 4095 319 4160 sarno
329 4068 489 4150 condidit,
501 4068 540 4133 ad
551 4085 761 4160 posterosque
769 4074 946 4136 litterarum
955 4074 1172 4136 monumentis
1183 4089 1282 4138 trans-
