2796 4902
414 319 550 422 iuna.
576 319 822 420 sonorius.
1098 337 1140 445 '¹9

91 465 236 538 rumsuh
245 473 352 563 ipsura
363 471 603 554 eivilebellurn,
625 491 692 562 quo
704 469 825 536 facilius
836 469 873 536 C.
884 464 1018 536 Curioni
1037 485 1144 562 prom·

91 580 229 667 ptissirno
249 581 362 668 juveni
384 601 511 646 causam
535 579 663 644 cesam
686 576 873 645 defendenti
892 577 1143 662 contradiceret,

90 686 242 775 repensae
266 685 464 752 declamandi
482 684 760 752 consuetudinem
783 683 822 749 In
840 685 946 773 ipsum
965 699 1073 751 autem
1093 687 1144 752 Ci-

90 813 242 857 erronem
274 792 414 858 sedecim
446 793 580 882 amplius
605 790 673 856 dies
704 791 749 858 M.
778 791 959 874 Antonius,
979 793 1143 876 triumvir,

90 897 178 984 quoa
190 900 302 988 quina
316 899 491 988 ruupptca
505 898 617 980 eraut,
631 897 843 964 nummo
854 897 1009 986 sepum
1020 898 1144 966 estune
1270 882 1275 897 “

88 1003 310 1072 declamitavit.
326 1007 492 1095 Augustus
505 1004 584 1068 item
593 1005 711 1086 Cesar,
721 1027 835 1068 eorum
845 1005 987 1092 oequalis,
997 1027 1038 1069 ne
1049 1005 1145 1071 Muti-

86 1111 178 1174 nensi
189 1110 324 1198 quidem
337 1111 424 1177 hello
438 1109 637 1176 declamandi
651 1129 745 1176 usum
759 1110 881 1192 omisit,
896 1125 933 1176 ut
948 1109 1035 1178 idern
1046 1111 1146 1178 refert

86 1213 301 1304 Tranquillus.

129 1323 326 1389 Ciceronem
348 1337 460 1388 autent
477 1337 515 1387 ut
534 1337 699 1412 tempore,
722 1323 767 1388 sic
793 1338 825 1390 et
854 1321 1022 1407 facundia,
1045 1323 1143 1416 longo

84 1427 139 1492 sed
162 1429 332 1517 proximus
344 1413 512 1494 intervallo
535 1431 652 1519 exeipit
666 1425 713 1496 M.
729 1430 871 1494 Annaeus
886 1429 1007 1496 Seneca
1020 1431 1143 1513 rhetor,
1260 1432 1263 1438 ’

85 1557 183 1622 quem
193 1533 237 1600 ad
247 1551 296 1616 te,
312 1535 413 1624 lipsi,
436 1535 520 1600 notis
539 1536 730 1600 illustratum
750 1535 864 1604 affero.
883 1535 925 1600 Se
943 1536 1029 1600 enirn
1054 1538 1144 1602 Cice·

85 1661 199 1706 renem
222 1641 256 1706 in
277 1641 333 1706 illo
347 1641 479 1726 atriolo,
498 1641 533 1706 in
548 1663 615 1730 quo
633 1638 716 1734 duos
734 1641 869 1730 grandes
884 1656 1087 1730 pretextatus
1100 1643 1145 1708 ait

83 1767 194 1812 recum
218 1744 400 1830 declamare
422 1745 548 1830 solitos,
578 1745 835 1813 declamitantem
864 1745 977 1812 audire
1001 1749 1144 1837 potuisse

82 1867 235 1934 testatur,
249 1855 309 1919 nisi
329 1841 421 1919 illurn
442 1854 546 1920 natale
558 1854 666 1942 solum
689 1853 842 1920 Corduba
861 1854 993 1942 patricia
1016 1855 1144 1922 colonia

82 1961 224 2026 tiriliurn
243 1961 339 2026 ltaliae
362 1960 523 2026 bellorum
545 1983 641 2026 eausa
661 1962 880 2026 continuisset.
903 1961 1014 2050 Viguit
1035 1963 1144 2052 itaque

83 2069 177 2132 etiam
186 2068 273 2133 inter
281 2068 393 2132 lheros
402 2067 485 2132 bene
500 2067 765 2158 diuenditisque
774 2083 806 2132 et
814 2069 934 2134 huten
943 2069 1143 2155 potissimum

82 2173 198 2239 familia
211 2175 246 2238 iu
257 2175 376 2240 Boetica
385 2175 543 2257 inclaruit,
555 2197 681 2266 parens,
692 2175 971 2263 inquam,hic,M.
984 2176 1141 2276 Annaeus,

81 2301 156 2344 num
169 2279 279 2346 liberis
292 2303 333 2345 ex
345 2281 438 2346 Elhia
451 2284 606 2372 conjuge,
616 2281 651 2348 L.
665 2283 789 2348 Annaeo
806 2281 929 2347 Seneca
945 2281 1143 2371 philosopho

80 2385 207 2468 Stoico,
223 2386 406 2476 eodemque
418 2389 538 2478 tragico
552 2403 649 2477 poeta
671 2387 727 2477 (ut
738 2387 850 2454 Delrio
865 2403 977 2454 nostro
995 2387 1141 2477 placet),

81 2493 206 2556 Annaeo
218 2491 367 2574 Novato,
383 2493 439 2583 qui
454 2509 487 2560 et
498 2493 612 2558 Junius
623 2493 726 2560 Gallio
738 2509 887 2583 putatur,
904 2511 936 2558 et
946 2495 1032 2560 Anu.
1044 2493 1140 2559 Mela.

79 2595 192 2686 Nepos
205 2622 340 2688 quoqne
356 2622 397 2664 ex
416 2601 482 2665 hoe
503 2599 589 2666 Mela
607 2601 694 2665 Anu.
715 2599 867 2664 Lucanus
878 2615 974 2688 poeta
986 2597 1144 2688 grandilo-

80 2723 165 2790 quus
176 2703 248 2769 fuit
257 2705 378 2770 Adhuc
389 2705 424 2770 1..
436 2711 657 2787 Aetnensem
669 2704 785 2771 Florus
795 2709 853 2769 seu
864 2705 996 2786 Seneca,
1004 2703 1143 2769 historin

79 2831 223 2874 romanat
242 2811 332 2875 libris
345 2826 485 2900 quatuor
499 2809 698 2876 declamator
716 2810 846 2900 corpori
864 2812 1008 2878 humano
1025 2811 1142 2899 Remp.

79 2935 162 2980 rom.
185 2917 391 3005 compararit.
415 2916 619 2983 Declamator
643 2918 720 2981 item
740 2915 901 3004 Hispanus
921 2915 967 2982 M.
1006 2915 1141 2982 Porcius

79 3016 192 3102 latro,
203 3021 321 3110 aliique
332 3021 630 3111 plurimi,quorum
644 3021 746 3112 elogia
765 3038 797 3087 et
815 3023 869 3088 hic
880 3023 1024 3089 Suetonii
1037 3045 1141 3088 exem·
1277 3009 1281 3023 ¹

80 3126 1140 3219 ploeollegirnus‚etunoquasifaaceoolligarirnus1.Petrumquo·

79 3254 144 3321 que
155 3233 257 3300 domo
273 3237 550 3326 Cesar-Augusta,
563 3238 596 3302 in
608 3237 794 3316 Celtiberia,
809 3237 963 3302 citerioris
981 3237 1140 3324 Hispaniae

80 3341 260 3426 prorirrcia,
275 3342 361 3407 circa
376 3363 497 3407 annum
508 3343 627 3408 Christi
640 3365 758 3425 cocu,
770 3357 808 3408 ut
818 3343 984 3408 rhetorem
998 3343 1139 3410 eelebre-

80 3459 151 3512 tunr
174 3447 269 3512 rideo
289 3471 308 3512 a
326 3450 362 3514 B.
383 3449 585 3540 Hieronymo
600 3450 635 3515 in
651 3449 824 3524 Eusebiani
845 3449 998 3514 Chronici
1017 3448 1138 3516 addita·

81 3552 204 3618 mentis.
211 3552 301 3637 Quid
310 3553 629 3643 quaerislparenturn
635 3554 957 3621 memoriaValentini
963 3553 1139 3642 dungentis

81 3655 321 3742 Edetanorum,
334 3659 519 3726 Ludovicus
535 3659 651 3745 Vires,
672 3675 705 3726 et
723 3659 915 3728 laurentius
929 3659 1140 3747 Palmyrenus
1279 3687 1287 3700 ·

80 3761 326 3832 declamationes
336 3765 555 3855 reliquerunt:
571 3767 626 3835 hie
635 3765 767 3858 quidem
781 3765 911 3832 Senecae
925 3764 1081 3832 Suasoriis
1091 3789 1140 3832 re-

121 3997 146 4036 r.
168 3981 201 4038 ln
214 3982 283 4040 lihro
296 3985 335 4042 de
349 3983 445 4042 ctare
465 3988 547 4064 apud
556 3988 695 4050 Senecam
716 3981 892 4054 rhetoribus,
908 4003 989 4057 quesn
1003 3984 1065 4040 ride
1083 3983 1134 4040 vol.

80 4097 136 4152 seq-
152 4093 214 4155 ραι
229 4083 376 4142 Sertorirs.
391 4085 443 4142 En.

958 4223 990 4268 2.
