2796 4902
284 377 326 424 ιο
570 356 612 424 Ν.
639 355 771 423 FABRI
796 356 1040 426 PRAEFATIO.

278 475 349 565 quis
364 471 440 538 inde
454 473 579 540 fructus
590 474 661 539 elici
671 475 785 563 possit,
803 473 856 539 rel
873 475 941 539 sine
959 490 1096 563 receptae
1109 473 1253 539 lectionis
1270 473 1331 539 dis·

276 579 398 670 pendio
413 579 501 668 rejici
519 597 552 646 et
568 581 725 671 ablegari,
739 598 837 670 prout
851 583 958 648 animo
971 567 1098 648 libitum
1110 581 1183 663 erit,
1199 597 1328 670 queant.

323 687 427 753 Porro
434 689 734 754 Controversiamm
743 688 1331 778 librosinscripsimus,tumquiavide·

275 809 331 862 tur
340 796 384 858 ita
395 816 450 859 eos
462 793 683 860 denominasse
693 811 807 860 auctor
820 795 1010 860 Praefatione
1023 796 1055 876 1,
1070 810 1140 860 tum
1156 797 1249 860 etiam
1260 817 1330 860 sua·

276 900 374 966 dente
394 901 528 967 maone.
552 902 636 967 Nam
648 925 750 991 quum
769 902 836 968 duo
853 904 915 968 sint
929 901 1197 968 declamationum
1211 925 1330 992 genera

224 1069 232 1086 ,
276 1005 412 1072 diversis
422 1008 574 1096 operibus
587 1008 629 1072 ab
643 1009 708 1072 boc
726 1025 859 1074 auctore
872 1024 1005 1076 tractata
1022 1030 1029 1073 :
1052 1025 1089 1072 ut
1105 1008 1195 1072 alteri
1213 1008 1329 1072 Suaso-

275 1113 412 1194 riarum,
426 1113 470 1177 ita
482 1114 575 1178 etiam
585 1115 970 1181 huicControrersiarum
981 1136 1100 1179 nomen
1110 1113 1259 1178 indidisse
1270 1137 1332 1202 par

275 1219 1331 1311 est.Variatumtameninhacinscriptioneprioribussaeoulisfuisse

273 1342 400 1392 ceruam
409 1343 465 1392 est
479 1329 496 1392 J
499 1351 529 1393 o.
540 1327 771 1394 Salisberiensis
777 1331 827 1394 sui
832 1330 990 1418 Polycrat.
1000 1327 1020 1394 8
1029 1328 1140 1394 decem
1147 1330 1332 1393 liberorum

274 1431 374 1498 libros
389 1450 482 1499 vocat
497 1457 506 1499 ε
519 1434 686 1523 quomodo
697 1436 790 1499 etiam
807 1436 948 1524 optimus
958 1435 1010 1500 ille
1023 1435 1140 1502 Pithoei
1151 1435 1256 1514 codex
1267 1435 1333 1522 epi-

160 1617 165 1628 ,
273 1541 1334 1629 tomeninscribitpSenecaedecemRhetorum‚»etquaesequuntur

273 1648 307 1712 in
324 1647 455 1729 eodem,
468 1671 508 1712 ex
520 1633 694 1735 Calpurnio
709 1677 722 1704 n
738 1649 899 1736 Excerpta
913 1647 1024 1713 decem
1038 1649 1220 1712 Rhetorum
1230 1646 1334 1710 mino-

274 1783 288 1809 ι
302 1775 392 1834 rum,
401 1784 414 1808 υ
429 1753 520 1840 quasi
531 1775 602 1841 quae
619 1751 801 1841 praecedant
816 1754 879 1821 sint
891 1757 1050 1840 majorum
1061 1754 1184 1819 :caeteri
1197 1783 1210 1808 α
1222 1751 1335 1816 Decla-

272 1859 461 1925 mationum.
478 1890 491 1916 »
523 1859 567 1924 At
588 1859 834 1925 declamationes
856 1883 924 1924 non
948 1858 1114 1925 sunt:sed
1141 1874 1266 1923 tanturn
1291 1879 1335 1942 ex

271 1963 560 2040 declamationibus
569 1967 859 2033 selecta.¹Praeterea
871 1966 1108 2032 declamationis
1120 1988 1241 2031 nomen
1254 1965 1334 2029 Sua-

272 2071 372 2162 sorias
390 2072 632 2159 complectitur,
654 2073 709 2137 hio
731 2074 965 2139 Controversia
986 2087 1112 2137 tantum
1133 2086 1218 2136 sunt.
1241 2070 1336 2134 Alter

272 2177 325 2242 ille
336 2178 448 2243 titulus
461 2177 573 2242 decern
585 2180 788 2261 Rhetorum,
803 2179 845 2244 ad
854 2178 1042 2244 Graecorum
1054 2177 1161 2268 potius
1177 2176 1332 2257 formam,

272 2285 329 2371 qui
344 2283 457 2348 decem
467 2286 647 2374 praecipuos
653 2287 813 2352 Rhetores
819 2285 999 2368 celebrant,
1010 2308 1108 2373 quam
1117 2283 1158 2349 ad
1164 2284 1334 2348 veritatem

272 2393 378 2480 operis
395 2391 488 2458 fictus
507 2410 563 2459 est.
585 2393 719 2459 Veteres
737 2393 893 2459 editiones
910 2393 1010 2458 modo
1030 2391 1334 2458 controversiarum

271 2499 387 2581 libros,
415 2500 516 2565 modo
544 2500 845 2570 Controversiarum
871 2499 1055 2580 sententias,
1085 2497 1270 2578 divisiones,
1301 2509 1336 2558 et

271 2606 398 2674 colores
419 2621 546 2671 vocant.
574 2606 658 2670 Sunt
681 2606 776 2670 etiam
796 2607 927 2694 antiqua
946 2603 1092 2694 quaedam
1110 2616 1277 2690 excerpta,
1296 2600 1332 2664 in

272 2713 391 2800 quibus
404 2715 580 2792 Causarum
591 2714 723 2776 nomine
735 2713 891 2778 citentur:
904 2709 1071 2799 quomodo
1085 2709 1175 2773 initio
1185 2708 1236 2774 sui
1247 2706 1334 2770 Con-

271 2819 443 2882 troversias
457 2817 556 2884 dictas
572 2831 706 2882 constat.

317 2924 516 3013 Praepcnunt
537 2925 631 2990 etiarn
653 2925 791 3011 antiquae
818 2919 974 2987 editiones
1004 2921 1166 2987 Suasorias
1194 2921 1333 2984 Contro-

272 3030 448 3094 uersiarum
473 3031 571 3096 libris.
587 3031 627 3094 In
649 3030 714 3094 hoc
736 3045 843 3093 tamen
857 3030 966 3117 potius
977 3043 1100 3092 naturae
1120 3025 1266 3090 ordinem
1284 3048 1335 3089 se-

271 3154 380 3226 quutae
394 3138 497 3228 (prius
511 3139 597 3202 enim
608 3139 642 3202 in
660 3139 697 3201 iis
710 3159 793 3225 puer
812 3135 1053 3223 exercebatur),
1069 3157 1165 3223 quam
1176 3135 1335 3226 temporis

271 3265 338 3330 quo
363 3243 455 3308 editae
481 3260 567 3309 sunt.
585 3244 679 3309 Patet
699 3243 784 3307 enim
807 3266 847 3307 ex
867 3243 1093 3334 Controversia
1117 3257 1230 3330 quarta
1256 3240 1336 3304 libri

268 3349 403 3414 secundi
418 3365 450 3414 et
462 3351 529 3415 aliis
540 3345 638 3432 locis,
653 3351 815 3414 Suasorias
827 3348 941 3414 ultimo
956 3350 1029 3414 loeo
1039 3349 1085 3428 ⁸ab
1100 3364 1234 3413 auctore
1243 3369 1335 3412 com·

267 3455 1331 3546 positesatqueemissasfuisse,quasideopostponere,receptum-

270 3585 335 3652 que
353 3563 500 3630 ordinem
519 3565 553 3628 in
573 3563 808 3629 recentioribus
826 3562 1018 3628 editionibus
1034 3562 1126 3650 sequi
1144 3560 1328 3626 maluimus.

314 3671 435 3735 Caetera
451 3669 710 3760 quaead'horum
726 3671 885 3735 librorum
901 3669 1140 3760 intelligentiam
1153 3669 1187 3732 in
1199 3668 1331 3732 univer-

270 3797 342 3840 sum
350 3793 508 3864 spectant,
520 3779 584 3844 suis
593 3778 670 3843 locis
681 3799 925 3866 prosequemur.

661 3973 939 3999 ..mm—...-
