2796 4902
205 351 268 418 DE
296 351 424 418 AUCT.
451 349 508 417 ET
531 347 730 418 DECLAM.
757 349 966 420 RATIONE.
1053 369 1098 447 ας)

65 472 184 536 mutuari
207 465 335 560 placuit.
365 471 519 560 Quinque
548 463 634 534 enim
659 489 726 534 non
747 471 881 560 amplius
902 473 1099 562 integrarum

64 579 343 642 controversiamm
370 577 443 642 libri
469 592 544 642 sunt
566 599 642 644 cum
670 577 852 666 prooemiis,
868 579 1100 644 Con'trcrersioe

62 706 123 747 vero
143 681 184 749 35
207 684 413 750 continenter
437 683 597 748 collocate
612 705 620 747 :
638 705 706 747 non
725 705 818 748 secus
841 699 939 772 atque
960 684 1100 773 epistole

61 789 87 852 L.
102 789 211 854 Annaei
231 789 360 856 senecae
382 787 453 872 125,
468 789 542 854 libri
557 803 665 853 autem
683 812 735 854 αα.
755 788 865 854 Grmca
882 805 991 856 autem
1011 813 1100 855 nunc

61 896 184 983 primum
197 896 305 962 addita
318 897 352 962 in
370 920 484 962 eorum
496 897 644 986 gratiam,
661 897 717 984 qui
728 919 903 987 grumum
920 898 1099 962 litterarum

59 1002 141 1068 rudes
157 1020 249 1086 sunt,
266 1003 365 1070 latine
382 1020 551 1092 utcunque
570 1003 696 1068 reddita
713 1003 892 1070 ad‘oalcem
910 1005 1099 1092 adjecimus,
1161 1085 1163 1096 Ι

60 1129 90 1170 eo
102 1109 252 1192 consilio,
270 1125 309 1174 ut
324 1111 358 1176 in
372 1125 547 1200 conspectu
563 1111 644 1175 sint:
663 1111 734 1198 quis
757 1111 842 1175 enim
861 1113 1101 1176 transmarinum

57 1215 125 1279 illam
131 1213 286 1280 venereni
292 1215 438 1284 acumine
444 1197 675 1306 consequatur?
683 1217 891 1282 Notisautem
897 1218 1101 1284 uberioribus

59 1321 181 1387 oluoura
188 1346 326 1411 quaeque
341 1347 378 1390 ac
391 1341 631 1413 corruptr,qua
646 1325 902 1414 explanare,qua
910 1325 1099 1406 emendare,

58 1427 150 1512 quoad
161 1431 229 1514 ejus
238 1427 306 1492 fieri
312 1430 433 1518 potuit,
442 1430 547 1494 risum
556 1445 612 1495 est
621 1431 862 1494 Minutatamtn
869 1454 937 1495 non
944 1430 1101 1520 appende

57 1533 161 1612 re,sed
178 1531 211 1598 in
225 1551 415 1600 contextum
426 1537 569 1626 recipere
583 1535 685 1601 libuit.
696 1523 824 1601 Sordidi
841 1537 925 1601 enim
938 1538 1100 1630 etnngusti

57 1641 296 1724 estanimi,'nihil
306 1642 367 1706 nisi
379 1641 420 1707 ad
434 1642 592 1707 calculum
610 1643 717 1724 amicis
734 1642 827 1724 dare,
837 1642 1036 1732 etquidquid
1046 1641 1101 1707 de-

56 1743 141 1828 deris,
154 1764 304 1813 accurate
311 1749 404 1812 nimis
414 1750 448 1813 in
460 1749 559 1814 libros
568 1749 731 1815 rationum
746 1749 878 1816 referre.
894 1751 1032 1815 Lubrica
1044 1774 1099 1815 nu·

54 1866 152 1918 temet
167 1854 370 1939 fescennina,
382 1855 409 1920 si
423 1879 502 1944 qua,
520 1855 601 1922 utin
614 1855 757 1945 profanis
774 1843 959 1922 ariotoribus
970 1855 1100 1938 accidit,

54 1978 232 2044 occumnt,
245 1986 282 2028 ea
295 1962 367 2028 data
384 1985 483 2051 opera
496 1963 623 2028 silentio
634 1963 785 2053 praeterii,
794 1981 831 2029 ut
842 1962 905 2054 legi
917 1965 1032 2047 nolim,
1045 1987 1100 2029 ne-

56 2064 121 2131 dum
143 2067 293 2158 intelligi,
315 2093 359 2133 ne
375 2069 409 2133 in
432 2071 528 2134 aetatis
547 2067 647 2153 llexu,
667 2071 844 2157 juventutis
865 2093 972 2136 mores
992 2069 1101 2160 (cujus

55 2175 215 2239 maximam
224 2173 407 2240 habendam
421 2198 488 2242 esse
498 2178 656 2242 rationem
666 2176 857 2266 existimavi)
869 2201 997 2267 pessum
1007 2194 1079 2242 eant
1093 2202 1101 2242 :

57 2280 321 2364 quemadmodum
333 2299 366 2346 et
376 2284 480 2372 pravis
491 2284 656 2373 corrumpi
667 2284 836 2372 colloquiis
853 2284 1034 2349 Menander
1050 2308 1103 2349 co-

54 2387 145 2450 mirus
168 2389 310 2471 censuit,
331 2404 364 2453 et
385 2391 534 2455 ciborum
554 2391 618 2454 ritu
644 2389 677 2453 in
694 2412 800 2455 mores
821 2391 909 2455 abire
931 2390 1102 2456 lectionem

55 2491 238 2578 Apollonius
249 2495 340 2560 Molo
356 2495 442 2585 apud
457 2497 626 2562 Thoonem
640 2495 779 2562 tradidit.
790 2497 1012 2586 sophistarum
1027 2520 1103 2584 quo-

54 2617 109 2680 que
119 2599 224 2688 elogia
237 2623 255 2664 e
267 2603 388 2690 grecis,
404 2601 573 2691 latinisque
581 2603 804 2692 scriptoribus,
820 2605 1019 2692 potissimum
1026 2625 1104 2666 vero

55 2704 200 2769 eSeneca
212 2723 340 2788 nostro,
354 2709 432 2795 quin
445 2724 476 2773 et
490 2724 676 2798 poetarum,
690 2732 726 2774 ac
735 2709 1015 2798 philosophorum,
1025 2731 1104 2800 prae-

54 2809 140 2896 n'pue
158 2835 240 2877 vero
258 2813 447 2896 rhetorum,
474 2837 513 2879 eo
532 2814 671 2906 consilio
687 2815 873 2904 collegimus
884 2822 907 2898 ¹,
925 2838 967 2880 ne
977 2815 1010 2880 in
1021 2816 1105 2880 notis

54 2913 160 2982 iterare
178 2918 291 2984 eadem
303 2942 406 3008 usque
422 2920 462 2985 ad
477 2921 639 2986 fastidium
655 2943 856 3010 cogeremur.

88 3023 188 3088 Nunc
201 3024 242 3090 de
253 3041 400 3109 auctore,
408 3049 499 3092 more
507 3075 515 3110 ,
523 3027 998 3116 institutoquemajorum,mox
1006 3028 1047 3094 de
1055 3029 1106 3094 de

52 3125 207 3194 clamandi
219 3133 360 3215 ratione,
376 3134 518 3199 breviter
535 3133 696 3224 agendum
706 3157 773 3199 esse
784 3134 1106 3225 ridetumlmbigum

54 3235 134 3299 enim
145 3238 490 3329 critici,va1iantesque
499 3239 539 3305 ad
554 3255 696 3304 nostram
709 3262 812 3328 usque
827 3241 1015 3306 memoriam
1032 3265 1103 3304 sen-

53 3341 156 3404 tentiae
173 3343 454 3409 circumferuntur.
473 3345 654 3410 Diribitoris
664 3347 761 3435 igitur
771 3369 881 3428 more,
894 3346 1059 3435 suffragia,
1080 3348 1106 3410 si

54 3445 110 3526 lus,
121 3447 238 3514 ordine
249 3449 395 3540 colligam
410 3467 482 3541 post
495 3450 711 3517 doctissimum
726 3452 883 3541 Lipsium,
896 3451 993 3541 Belgii
1003 3452 1105 3516 nostri

51 3555 207 3638 ocellum,
218 3559 290 3645 qui,
310 3575 346 3623 ut
356 3559 475 3624 nemini
485 3576 531 3624 est
539 3560 707 3649 paululum
717 3559 816 3625 modo
828 3559 1010 3626 humaniori
1018 3561 1106 3648 igno·

51 3673 107 3742 lm,
119 3663 165 3726 ita
175 3685 281 3752 nuper
297 3664 381 3729 libro
390 3665 577 3733 Electorum
592 3668 700 3754 priore
714 3689 784 3731 enm
797 3667 870 3730 tulit
877 3681 1004 3730 senatus
1021 3665 1106 3754 prin·

50 3789 123 3855 ceps
139 3771 330 3834 sententiam
337 3787 361 3853 ²,
373 3788 410 3835 ut
421 3773 477 3860 qui
487 3772 637 3862 deinceps
643 3775 676 3838 in
682 3773 740 3838 alin
747 3775 854 3838 omnia
860 3771 1023 3854 concedat,
1031 3795 1106 3837 eum

88 3922 114 3956 1.
140 3903 173 3957 In
189 3903 260 3958 libro
270 3905 309 3960 de
325 3903 418 3962 Clarc's
434 3907 516 3981 apud
528 3907 667 3964 Senecam
682 3903 860 3981 rhetoribus,
875 3926 955 3980 quem
978 3908 1039 3962 vide
1054 3907 1105 3961 vol.

49 4017 99 4070 teu.
118 4013 185 4074 post
196 4002 343 4058 Suasorins.
356 4003 407 4059 En.
588 4067 596 4084 ο

84 4115 101 4152 2
138 4101 230 4170 Quum
244 4101 306 4156 ride
318 4120 414 4175 supra,
429 4121 455 4176 p.
473 4119 507 4157 ro
523 4121 578 4175 seq.
594 4103 645 4158 En.
