2796 4902
134 371 267 440 ANDR.
279 368 485 456 sciton,
502 369 566 461 DE
583 367 715 440 AUCT.
733 369 790 440 ET
811 369 941 440 DECL.
961 369 1061 438 RAT.
1089 393 1136 464 ap

93 475 216 558 Sasscs
229 492 332 557 nostri
344 513 542 582 componere
552 508 609 558 aut
625 493 744 582 possim
758 507 815 556 aut
831 489 966 557 debeam
978 513 986 558 ι
998 489 1055 581 qui
1070 489 1138 558 duo

92 598 179 663 millia
195 599 366 664 nominum
379 599 522 680 recitata,
536 621 603 688 quo
619 596 732 664 ordine
744 597 942 678 erantdicta‚
960 595 1136 678 reddebat,

92 727 220 794 queque
233 704 387 789 audisset,
400 721 432 772 et
446 707 607 772 memoriae
619 705 813 788 mandasset,
834 729 871 770 ea
889 703 1037 770 facillime
1054 703 1138 770 refe·

91 811 184 876 rebat.
203 813 264 878 Cui
283 836 343 879 nos
359 812 491 903 quidem
504 813 657 894 thesauro
671 813 893 880 suasoriarum
902 810 1139 882 Controversia·

90 941 223 1006 rumque
236 916 482 992 declamationes
496 937 640 1010 acceptas
658 920 826 986 referimus
841 941 849 984 :
865 915 955 1007 quod
970 941 1041 1006 quae
1051 919 1140 1004 juve·

89 1025 132 1092 uis
143 1027 306 1090 memoriae
319 1026 520 1109 credidisset,
535 1043 566 1093 et
578 1043 731 1116 tanquam
745 1024 928 1117 depositum
942 1018 1138 1112 reliquisset,

88 1131 316 1219 sophistarum,
325 1149 358 1198 et
369 1135 538 1198 rhetorum
547 1135 596 1198 sui
607 1134 777 1222 temporis,
791 1133 924 1216 discum,
940 1131 1091 1212 breviter,
1107 1145 1141 1211 et

88 1251 175 1298 acute
189 1233 291 1318 dicta,
303 1259 447 1302 easenex
458 1237 642 1319 nominarit,
657 1252 754 1324 atque
769 1235 944 1328 intermissa
955 1236 1054 1325 longo
1066 1247 1141 1325 post

88 1357 229 1431 ternpore
253 1345 421 1410 revocarit.
441 1342 596 1408 Earndem
618 1343 697 1410 senii
716 1343 811 1424 vitio,
832 1359 869 1408 ut
884 1342 934 1426 fit,
946 1341 1140 1408 debilitatam

88 1450 241 1535 queritur,
251 1450 283 1514 in
299 1450 420 1534 librum
433 1450 479 1516 lv
488 1452 640 1518 Controv.
649 1449 808 1540 prefatus.
825 1450 923 1537 Cujus
938 1448 985 1515 rei
996 1448 1047 1515 vel
1060 1446 1142 1516 illud

20 1571 22 1590 “
86 1571 274 1643 argumento
285 1571 342 1638 est,
350 1557 504 1623 Controv.
515 1555 776 1646 ssThucydidis
784 1557 893 1624 locum
907 1580 982 1624 cum
993 1557 1140 1626 sanusne

18 1717 19 1742 ,
87 1665 148 1748 ejus
162 1663 282 1731 aemulo
296 1663 458 1752 componi,
466 1687 569 1753 quum
581 1665 920 1733 tamenDemosthenis
931 1665 1040 1732 locum
1051 1666 1141 1734 hunc

88 1768 264 1856 exOlynth.
276 1770 309 1834 11
324 1770 485 1858 subjiciat:
502 1776 534 1842 αἱ
547 1773 605 1870 γὰρ
623 1769 781 1868 tarpeiius
794 1763 889 1842 δειναὶ
922 1773 1113 1870 συγκαλύψαι
1130 1825 1144 1860 ,-

85 1871 130 1938 καὶ
144 1871 309 1939 σοσσιοὶσοο
330 1870 370 1940 τὰ
389 1883 513 1940 rotmiro
533 1865 643 1946 ducidu-
660 1878 896 1946 Historicorum
915 1901 994 1944 vero
1013 1879 1141 1944 Greco-

86 1983 421 2072 rumprincipisverha
431 1983 942 2072 suntanemine,quodequidem
951 1984 1141 2065 sciam,oum

13 2069 14 2082 ἵ
86 2089 278 2155 Sallustianis
289 2089 348 2154 illis
364 2111 372 2156 :
385 2089 543 2156 Secmdae
554 2113 601 2154 res
611 2093 691 2154 mire
700 2104 775 2155 sum
785 2093 877 2156 vitiis
889 2091 1041 2172 obtentui,
1052 2113 1142 2176 conr·

87 2213 201 2288 parata,
208 2195 295 2262 libro
302 2196 352 2260 111
358 2196 433 2262 belli
446 2197 709 2285 Peloponnesiaci
720 2199 754 2262 in
769 2198 914 2264 oratione
927 2197 1072 2280 Cleonis,
1081 2219 1143 2263 usu

86 2302 404 2385 animositatibus,
421 2304 595 2392 presertim
607 2303 660 2387 iis,
670 2305 787 2393 quibus
803 2305 910 2386 brevi,
927 2327 967 2370 ex
980 2306 1145 2394 insperato

8 2457 9 2472 t
86 2407 350 2499 felicitasobtigit,
358 2410 889 2479 aradiumlenriameonvenantur.
897 2409 961 2478 Sed
969 2412 1144 2500 graecehaec

84 2515 414 2589 illed'uertiustsiode
429 2513 465 2588 di
483 2531 544 2588 τῶν
560 2521 695 2606 πόλεων,
714 2518 762 2600 σάς
787 2548 823 2588 αν
848 2521 996 2614 μαλιστα,
1028 2519 1080 2588 καὶ
1099 2512 1141 2588 di’

8 2627 10 2634 ’
84 2618 245 2709 ἐλαχίστου
277 2613 505 2714 ἀπροσδόκητος
536 2613 681 2713 εὐπραξία
714 2619 805 2715 ἔλθῃ,
835 2621 864 2696 ἐς
895 2614 979 2712 ὕόριν
1015 2619 1144 2710 τρέπειν.

82 2723 206 2791 Verum
222 2730 344 2818 magnis
361 2729 495 2819 ingeniis
512 2725 737 2813 hujuscemodi
774 2727 942 2823 μνημονικὰ
976 2729 1144 2822 opstipum

81 2831 260 2899 identidem
277 2836 422 2901 accidere
438 2833 558 2900 nemini
575 2832 694 2898 mirum
707 2827 808 2897 videri
820 2825 934 2907 debet,
946 2847 1049 2912 quum
1064 2840 1096 2890 et
1110 2825 1144 2888 in

83 2939 291 3028 ingeniorum
302 2941 454 3030 principis
468 2937 648 3004 Aristotelis
670 2936 791 3004 Ethicis
808 2931 1042 3014 Nicomachiis,
1052 2930 1097 2996 'et
1110 2932 1144 2996 in

82 3043 126 3110 sl.
134 3046 256 3129 Tullio,
265 3063 298 3112 et
307 3047 374 3112 aliis
385 3043 548 3112 interdum
567 3048 776 3140 ἁμαρτήματα
802 3041 910 3106 Critici
927 3037 1144 3106 observarint:

82 3153 288 3242 quiquidem
304 3155 474 3244 scriptores
491 3152 617 3216 veniam
633 3175 652 3218 a
666 3151 760 3218 nobis
766 3175 806 3218 eo
813 3152 906 3218 citius
914 3149 1144 3240 impetrabunt,

82 3281 151 3345 quo
167 3261 285 3326 nostris
294 3261 390 3326 etiam
400 3258 510 3324 erratis
521 3256 738 3345 impetremus.
754 3259 875 3325 Seneca
888 3255 1020 3346 quidem
1034 3269 1145 3318 noster

84 3387 124 3429 eo
133 3367 267 3448 facilius,
276 3367 366 3456 quod
372 3361 610 3452 in'l'hueydidis
616 3365 753 3454 vestigiis
761 3379 926 3430 oratorum
933 3363 986 3428 ille
995 3361 1146 3460 princeps

84 3472 202 3559 pedem
216 3473 260 3539 sic
274 3475 398 3563 posuit,
413 3488 451 3538 ut
462 3491 529 3558 quo
548 3470 755 3560 exprimeret,
778 3493 876 3560 quem
891 3469 933 3534 ad
954 3465 1144 3532 irritandum

83 3597 319 3668 proposuerat,
341 3580 544 3671 promptius,
576 3580 675 3646 octies
699 3603 757 3646 sua
783 3601 882 3644 manu
912 3573 1145 3662 transcripsisse

82 3685 313 3776 'luucydidem
337 3703 452 3755 auctor
461 3690 502 3755 sit
511 3689 671 3755 Lucianus
686 3683 929 3764 Samosatensis,
945 3696 978 3746 et
992 3679 1144 3769 agathias

83 3791 280 3882 Smyrnaeus.

129 3899 327 3990 Quanquam
340 3917 450 3970 autern
470 3903 576 3968 senilis
595 3901 692 3968 aetatis
712 3899 790 3966 vitio
802 3897 983 3988 'collapsam
998 3894 1144 3964 eamdem
1193 3949 1196 3956 .

81 4031 123 4071 ac
138 4005 334 4074 debilitatam
354 4026 523 4099 queratur,
540 4008 693 4098 temporis
715 4023 821 4074 tamen
840 4005 1050 4086 diuturnitas,
1073 4025 1147 4092 qum

86 4113 381 4183 etiamsolidissima
393 4139 530 4206 quaeque
540 4137 750 4205 corrumpere
766 4131 799 4184 et
811 4130 949 4198 vastare,
959 4111 1063 4176 labem
1079 4131 1146 4174 om-
