2796 4902
13 3847 16 4044 l

269 323 331 391 DE
357 321 485 391 AUGT.
512 323 569 390 ET
593 323 794 392 nectant.
821 326 1032 396 RATIONE.
1118 326 1162 399 35

117 443 202 508 filius.
216 443 263 524 Ut
277 459 427 508 momnis
440 443 494 509 hic
509 458 621 508 noster
632 441 779 526 Tiberio,
794 443 846 510 vel
859 445 1014 536 Caligula,
1033 464 1089 512 atrt
1109 448 1165 516 de·

117 550 209 638 nique
226 547 361 614 Claudio
375 550 551 638 imperante
564 548 720 633 videatur,
736 549 836 618 modo
854 573 896 617 ne
912 554 947 618 in
962 553 1103 620 Neronis
1118 571 1166 648 ty-

117 655 278 721 rannidem
289 656 437 721 incidisse
446 655 595 724 affinnes.

155 761 292 848 ObJ'iciet
304 779 418 827 contra
434 763 560 828 acutior
576 757 705 852 aliquis,
720 763 874 830 Senecam
890 767 995 854 ipsum
1013 770 1096 832 inter
1111 767 1166 834 de·

116 863 298 930 damatooes
307 865 357 932 M.
372 867 544 955 Lepidum,
560 869 666 932 virum
681 869 860 959 egregium,
875 869 1014 935 Neronis
1031 894 1169 961 praecep

13 955 14 1024 l
115 983 214 1031 torem
229 969 284 1034 hic
292 965 458 1033 nudasset
469 991 478 1034 ε
491 968 697 1058 unumigitur
704 969 921 1058 eumdemque
931 971 1047 1054 iideri,
1056 988 1088 1038 et
1096 973 1167 1062 phi-

13 1099 14 1156 ξ
115 1073 302 1163 lowphum,
325 1090 359 1140 et
384 1091 556 1142 oratorem.
584 1074 685 1160 Quod
708 1077 787 1141 mihi
810 1077 941 1167 quidem
964 1079 998 1142 in
1026 1096 1169 1144 mentem

114 1183 214 1265 venit,
239 1183 382 1247 breviter
400 1185 434 1247 in
453 1181 598 1247 medium
613 1181 766 1248 afferam:
786 1206 846 1248 suo
863 1183 915 1250 ille
934 1207 969 1249 se
997 1183 1102 1275 gladio
1117 1189 1168 1272 ju·
1282 1227 1285 1238 ·

114 1287 208 1378 gulat.
232 1288 267 1354 si
291 1291 377 1358 enim
399 1289 540 1356 Neronis
560 1289 720 1379 Tyranni,
744 1293 812 1376 ejus
835 1292 890 1379 qui
915 1291 947 1354 in
975 1291 1172 1357 Christianos

113 1397 221 1476 saeviit,
238 1411 471 1486 preceptorem
490 1397 657 1462 nominare
675 1397 709 1462 L.
727 1397 848 1462 Seneca
867 1395 1034 1479 voluisset,
1053 1400 1172 1488 seipse

114 1504 326 1568 nominasset:
342 1504 398 1592 qui
413 1504 577 1593 praeceptis
595 1505 804 1592 eloquentiae,
827 1519 859 1568 et
874 1527 1003 1569 morum
1014 1507 1172 1594 ¹gravitate

115 1609 247 1696 pn‘mam
262 1609 344 1698 Imp.
357 1607 735 1675 aetateminformavitmt
748 1610 876 1674 Tacitus
890 1609 931 1674 ad
943 1609 1010 1674 init.
1024 1611 1077 1675 lib.
1091 1611 1172 1674 XIII

13 1737 14 1774 i
115 1715 343 1783 erindradis
359 1717 469 1800 Quare
477 1718 531 1782 vel
542 1718 665 1782 Tiberii
678 1715 813 1784 Claudii
821 1717 973 1801 Neronis,
985 1717 1041 1806 qui
1053 1717 1173 1782 Liviam

13 1837 14 1850 ³
115 1821 218 1904 duxit,
235 1823 290 1887 vel
301 1825 409 1912 ponus
420 1821 490 1906 filii,
505 1824 562 1912 qui
580 1839 654 1913 post
665 1824 836 1912 imperium
847 1824 1022 1914 adoptione
1032 1825 1171 1913 Augusti

113 1944 158 1992 est
169 1947 400 2018 consequutus,
410 1947 642 2020 preceptorem
653 1930 810 2020 Lepidum
819 1930 921 1996 videri
932 1933 983 1996 aio
991 1955 999 1997 :
1007 1929 1097 2020 quod
1106 1953 1174 2017 ejus
1263 1995 1266 2002 ,

13 2053 14 2098 t
112 2045 184 2093 ante
205 2032 393 2119 imperium,
415 2034 517 2122 gentis
536 2031 677 2096 Claudiae
702 2032 870 2120 proprium
890 2032 1030 2096 Neronis
1053 2053 1171 2120 cogno·

112 2149 258 2197 mentum
273 2133 386 2216 suerit,
404 2149 442 2197 ut
456 2134 579 2199 Aurelii
597 2133 734 2198 Victoris
747 2134 849 2198 nostri
866 2135 1014 2222 Epitoma
1029 2149 1171 2202 testatur.

112 2234 170 2298 Cui
190 2233 244 2298 vel
263 2234 344 2300 illud
363 2253 555 2324 argumento
574 2251 637 2317 est,
657 2237 704 2301 ob
726 2237 933 2301 vinolentiam
951 2235 1010 2324 (dc
1028 2260 1092 2324 qua
1109 2235 1170 2299 Pli-

111 2341 184 2404 nius
198 2355 345 2406 extremo
355 2339 409 2407 lib.
422 2340 519 2430 XIV)
528 2365 602 2406 eum
615 2343 671 2429 qui
684 2342 826 2410 Tiberius
832 2341 1082 2410 ChudiusNero
1090 2357 1172 2422 erat,

13 2475 14 2520 3
112 2451 291 2536 periocum
316 2450 480 2514 Biberium
500 2449 656 2538 Coldium
664 2444 1000 2514 Meronemvocatum.
1013 2449 1173 2516 Neronem

110 2571 219 2620 autem
232 2555 468 2645 Sabinalingua
484 2556 619 2638 fortem,
635 2572 667 2620 et
683 2573 852 2620 strenuum
863 2555 1038 2646 significare
1058 2571 1173 2619 auctor

113 2679 159 2725 est
174 2661 382 2750 Tranquillus
391 2677 424 2726 et
432 2663 472 2728 A.
482 2661 603 2728 Gellius
613 2675 637 2728 ².
645 2663 759 2750 Itaque
769 2684 809 2726 ex
820 2661 974 2742 Claudiis,
994 2685 1076 2749 quos
1087 2685 1105 2726 a
1116 2661 1170 2724 Sa·

113 2762 194 2829 binis
213 2763 372 2830 oriundos
388 2765 584 2854 accepimus,
606 2765 662 2851 qui
675 2780 743 2829 erat
760 2763 887 2853 egregia
900 2780 996 2851 atque
1012 2763 1172 2852 prestanti

113 2866 321 2949 fortitudine,
340 2867 428 2932 Nero
442 2883 489 2932 est
506 2867 702 2956 appellatus:
719 2883 750 2931 et
763 2867 875 2931 Horat.
889 2866 942 2931 lib.
956 2866 1001 2929 IV
1017 2868 1121 2931 Carm.
1130 2865 1172 2929 de

113 2967 210 3033 Drusi
223 2969 293 3034 filiis
307 2968 510 3050 Neronibus,
529 2967 570 3033 ad
588 2990 706 3036 nornen
723 2969 874 3056 vocisque
889 2985 1019 3058 etymon
1033 2969 1171 3034 allusisse

114 3070 243 3156 quidam
260 3087 470 3138 monuerunt.
484 3070 536 3136 sie
548 3070 633 3134 onitu
646 3070 718 3134 ille:

293 3266 373 3277 -ν-
385 3236 461 3306 Quid
474 3237 589 3308 Augusti
601 3247 729 3311 paternus

376 3335 407 3388 In
422 3349 522 3408 pueros
534 3336 640 3388 animus
649 3333 787 3391 Nerones:

295 3431 391 3486 Fortes
402 3442 530 3490 creantur
543 3430 673 3502 fortibus,
686 3431 804 3487 ethonis
922 3421 926 3433 ’

298 3524 346 3580 ue
358 3525 497 3596 iuvencis,
508 3535 548 3580 est
562 3528 590 3581 ln
604 3527 680 3596 equis
694 3536 802 3598 petrum

337 3624 441 3678 Virtus.
626 3632 633 3647 ·

114 3777 165 3844 Eo
180 3781 288 3868 itaque
311 3780 414 3845 libens
431 3781 465 3844 in
480 3803 550 3845 eam
565 3801 641 3846 cum
658 3779 759 3848 doctis
771 3783 955 3848 hominibus
967 3787 1170 3871 sententiam,

157 3989 182 4024 r.
203 3970 298 4028 Contr.
312 3987 360 4040 tt,
371 3981 398 4025 et
408 3968 512 4026 Praeiat.
520 3970 567 4024 lib.
578 3970 627 4026 lv.

153 4086 182 4122 a.
204 4068 283 4125 Noct.
299 4069 395 4138 Attio,
411 4069 459 4122 lib.
474 4069 560 4138 XIII,
572 4087 631 4142 cap.
652 4089 695 4124 ro.

988 4167 1020 4238 3.
