2796 4902
320 395 329 412 ἱ

921 477 926 486 ι

715 504 718 516 t

209 769 359 856 NOVl
394 769 695 856 EDITORlS
730 771 1058 882 MONITUM.

147 1466 281 1542 Vunoo
301 1464 395 1538 olim
420 1463 609 1538 creditum
627 1464 742 1538 luisse
763 1463 831 1538 hos
846 1461 1171 1540 Declamationum
1236 1481 1241 1492 '

100 1599 219 1676 libros
236 1601 284 1676 ad
308 1601 489 1674 Senecam
508 1599 781 1701 Philosophum
800 1597 1039 1690 referendos,
1061 1597 1173 1674 docet

99 1733 251 1832 Lipsius
271 1730 383 1831 (vide
409 1732 477 1805 ins.
500 1759 539 1832 p.
570 1732 662 1830 11);
691 1757 776 1832 quae
804 1729 962 1832 quidem
986 1733 1172 1806 sententia

98 1895 204 1942 nunc
235 1867 386 1968 explosa
409 1881 465 1940 est
487 1847 666 1941 virorum¹
683 1863 883 1940 doctorum
906 1865 1105 1967 suffragio,
1125 1881 1170 1941 ut

97 2003 383 2078 dissertationes
402 2003 499 2076 infra
517 2004 650 2103 positos
666 2002 910 2076 manifestum
926 1973 1078 2076 lanient.
1097 2003 1169 2076 At-

98 2149 228 2210 tamen
247 2163 294 2210 ne
316 2135 411 2238 quid
436 2133 570 2229 lector,
590 2127 749 2239 propter
765 2152 935 2212 veterem
953 2135 1058 2211 illam
1081 2136 1169 2236 opi-

97 2276 253 2348 nionem
263 2331 275 2365 ,
287 2275 326 2347 in
338 2290 464 2350 nostra
475 2277 626 2350 Senecae
639 2275 807 2349 editione
817 2274 1027 2367 desideret,
1045 2301 1170 2376 operae

95 2411 266 2511 pretium
275 2412 454 2485 duximus
464 2409 668 2486 secundam
677 2410 774 2484 hanc
786 2425 953 2511 partem,
964 2411 996 2484 si
1010 2407 1168 2512 quidem

96 2543 144 2616 de
164 2569 208 2616 ea
226 2543 481 2618 controversia
496 2556 598 2617 mota
612 2555 691 2632 est,
705 2541 884 2643 operibus
895 2540 1168 2643 philosophicis

95 2675 344 2776 subjungere.
364 2676 459 2750 Nam
476 2676 546 2750 etsi
564 2674 730 2777 plurima
748 2701 795 2748 ex
810 2675 868 2748 his
887 2674 995 2750 lihris
1010 2675 1163 2766 desint,

96 2809 167 2882 etsi
186 2808 327 2883 multos
345 2807 447 2883 locos
457 2806 687 2908 jamdudum
701 2810 774 2884 viri
795 2809 897 2884 docti
916 2810 1164 2885 conclamatos

96 2940 281 3032 habeant,
304 2942 375 3016 etsi
391 2967 511 3042 graeca
527 2943 588 3016 vix
608 2942 685 3016 ullo
706 2943 892 3018 versiculo
908 2943 1054 3044 integra
1068 2943 1164 3032 sint,

96 3067 243 3170 aliquid
265 3082 392 3144 tamma
417 3069 514 3142 inest
539 3069 643 3168 quod
666 3069 909 3170 antiquarum
941 3097 1069 3144 rerum
1093 3098 1165 3145 cu-

95 3199 212 3272 riosos
237 3200 433 3289 detinere,
464 3213 503 3272 et
528 3199 750 3276 litterariam
779 3203 916 3276 horum
946 3217 1163 3304 temporum

96 3333 292 3407 historiam
310 3333 499 3408 illustrare
519 3334 650 3434 possit.

143 3471 308 3542 Textum
332 3468 577 3546 Elzevirianae
603 3449 779 3542 editionis
805 3470 947 3560 secuti,
970 3467 1160 3568 quidquid

96 3608 142 3680 ad
168 3633 258 3679 cum
287 3606 597 3680 constituendum
624 3619 887 3706 congesserant
905 3607 1158 3706 interpretes,

96 3745 173 3816 sere
190 3742 411 3834 omisimus;
427 3742 619 3842 quidquid
634 3767 722 3816 sero
737 3742 784 3814 ad
798 3740 1001 3816 verborum
1015 3768 1160 3818 rerum·

97 3903 171 3976 que
191 3875 483 3977 intelligentiam
504 3875 670 3964 valebat,
693 3875 824 3950 sedulo
844 3877 1156 3978 conquisivimus.

95 4013 190 4085 Hinc
216 4012 358 4086 factum
385 4025 459 4100 est,
487 4024 532 4083 ut
555 4008 808 4084 additamenta
842 4012 1033 4112 quasdam,
1063 4011 1160 4086 hona

97 4147 270 4247 quidem,
292 4147 452 4222 sednon
471 4147 676 4222 admodum
696 4146 824 4240 utilia,
847 4173 932 4248 quae
956 4147 1081 4248 primo
1101 4147 1159 4220 his
1228 4249 1231 4266 ι
1366 4163 1367 4170 ’
