2796 4902
279 277 341 420 [30
612 309 752 380 anna.
780 309 1029 393 sonemus,

293 435 454 525 hospitem
462 427 639 504 admodum
649 451 717 496 esse
726 431 758 496 in
771 431 821 496 his
827 431 1033 498 interioribus
1043 427 1154 499 litteris
1162 453 1346 524 caecumque

167 595 171 612 .
292 550 421 606 necesse
434 539 483 607 sia
505 537 562 604 His
575 536 734 625 adjiciam,
751 537 777 604 ei
790 552 923 626 potero,
935 561 996 603 usu
1008 536 1134 627 pridem
1144 539 1347 630 lectioneque

290 648 467 715 observata.
480 645 623 727 Primus,
634 647 700 731 jem
715 643 791 710 inde
802 667 821 709 a
832 645 974 710 retractis
986 667 1004 710 e
1016 645 1092 736 fuga
1103 647 1259 733 majorum
1274 670 1347 714 nos·

289 771 416 820 trorum
440 751 595 819 memoria
624 751 735 816 litteris
763 766 795 816 et
824 749 1018 841 disciplinis,
1047 753 1155 819 Xicho
1185 750 1345 838 Polento,

288 865 397 928 nescio
411 861 493 958 quis,
506 880 647 949 eumque
661 876 817 949 sequutus
830 858 1072 952 Rodhgricola
1082 861 1210 944 Frisios,
1223 863 1278 952 qu'i
1287 862 1345 928 ali·

288 985 370 1058 quot
384 968 628 1034 declamationes
648 966 791 1048 scholiis,
815 983 854 1046 ut
874 984 1058 1057 temporum
1072 971 1184 1060 genius
1198 969 1343 1053 ferebat,

287 1075 470 1156 illustravit,
483 1075 520 1138 Is.
533 1075 685 1140 Senecam
695 1073 941 1163 philosophum,
957 1091 989 1140 et
1003 1089 1179 1158 oratorem,
1191 1074 1344 1142 eumdem

286 1203 355 1248 esse
377 1183 519 1248 censuit:
544 1183 636 1267 cujus
661 1196 726 1245 tres
746 1178 975 1264 filiiNovatus,
997 1181 1083 1248 Mela
1099 1183 1219 1248 Lucani
1237 1198 1345 1272 poetro

285 1304 392 1379 pater,
409 1305 440 1353 et
450 1289 592 1370 Seneca,
604 1284 693 1352 solue
704 1287 758 1352 ille
769 1285 958 1371 latinorum,
971 1289 1027 1378 qui
1036 1290 1343 1379 existant,tragicus.

284 1395 349 1464 Sed
374 1412 474 1480 errat,
494 1419 566 1461 mea
588 1395 719 1504 (peridem
739 1398 912 1476 sentcntia3
933 1398 1099 1487 ignoscant
1118 1396 1234 1480 modo,
1256 1420 1345 1487 quos

283 1509 350 1565 'non
360 1499 512 1580 sollicito,
526 1496 638 1564 Manes
653 1497 811 1587 Agricola
820 1499 882 1564 riri
892 1501 1013 1588 optime
1032 1499 1074 1566 de
1093 1501 1205 1565 litteris
1214 1501 1358 1586 meriti,

284 1600 374 1691 'quod
393 1625 434 1668 ex
455 1601 545 1666 Italia
570 1599 962 1692 disciplinarumlparente
980 1603 1129 1691 princeps
1151 1603 1185 1666 in
1209 1599 1344 1668 Germa·

283 1709 384 1789 niam,
402 1705 537 1797 depulsa
550 1706 717 1787 Barbarie,
732 1706 784 1771 vel
794 1702 958 1772 llermolai
970 1707 1117 1793 Barbari,
1134 1709 1222 1776 bone
1236 1709 1340 1794 Deus,

280 1817 391 1906 'quanti
404 1817 485 1896 viri,
499 1815 672 1880 litteratum
686 1814 797 1880 lumen
808 1816 961 1883 attulerit.

417 1935 488 1990 Aria
497 1933 635 1988 Pieridum
647 1951 791 2010 peragrans
801 1931 874 2004 loca,
887 1933 987 1993 nultius
997 1945 1061 1993 ante

415 2033 494 2090 Trita
506 2031 573 2088 solo.
703 2061 708 2072 ·

320 2134 463 2224 Raphael
477 2156 556 2200 vero
567 2133 796 2200 Volaterranos
806 2135 929 2224 primm
935 2133 977 2201 ad
985 2156 1099 2202 verum
1110 2136 1237 2218 enacim,
1246 2157 1341 2205 eum·

276 2251 342 2333 'que
360 2255 489 2307 secutus
503 2238 589 2308 And.
616 2242 757 2308 Alciatus
774 2241 827 2307 JC.
847 2242 992 2332 insignis,
1011 2246 1102 2330 cujus
1117 2266 1136 2309 e
1150 2242 1246 2326 ludo,
1260 2227 1339 2310 tan·

275 2371 372 2437 quam
382 2371 422 2414 ex
432 2370 519 2436 equo
529 2345 776 2434 Trojano,meri
783 2348 901 2414 heroes
912 2347 1338 2437 prodieruntqdeclamatio·

274 2479 354 2521 num
370 2456 432 2521 hos
449 2455 547 2522 libros
557 2456 654 2545 patris
671 2477 754 2537 esse,
764 2453 895 2520 nonfilii
911 2455 1095 2544 philosophi
1108 2455 1205 2522 Stoici
1216 2455 1334 2520 admo-

271 2564 343 2628 nuit
354 2569 514 2661 Παρέργων
529 2561 642 2644 linlv,
654 2585 723 2650 cap.
738 2565 787 2642 14.
795 2560 884 2645 Qum
892 2563 1049 2652 tragicum
1055 2578 1088 2626 et
1096 2563 1336 2650 philosophum

270 2668 423 2736 eumdem
436 2691 503 2734 esse
511 2667 664 2756 judicavit
675 2691 684 2732 ε
696 2667 787 2756 quod
803 2682 835 2732 ct
847 2666 933 2757 apud
948 2667 1098 2734 saeoulum
1111 2669 1200 2756 prius
1211 2668 1331 2736 Franc.

269 2774 485 2859 Petrarcham,
492 2789 693 2864 repugnante
703 2775 863 2856 Boccatio,
876 2775 909 2838 in
922 2775 1040 2840 litteras
1046 2775 1165 2840 misisse
1175 2773 1334 2858 inaudivi,

269 2897 445 2970 tueturque
462 2881 579 2946 diserte
592 2881 752 2946 Martinus
770 2880 901 2946 Dclrius
922 2881 1045 2972 collega
1063 2897 1173 2948 noster
1187 2881 1337 2947 doctissi-

268 3009 350 3054 mus.
368 2987 436 3054 sed
449 2987 844 3078 Agricolam,·omnesque
862 2989 1030 3076 quiritem
1048 2987 1083 3054 L.
1101 2987 1231 3054 Senecae
1249 3011 1338 3053 con-

267 3095 457 3177 annuunt,
471 3094 523 3161 vel
536 3094 691 3186 temporis
707 3094 788 3166 ratio
800 3094 891 3162 facile
903 3095 1028 3161 refellit.
1041 3095 1151 3179 Quare
1160 3109 1196 3160 ut
1207 3095 1334 3160 libera-

134 3189 139 3194 ’
264 3202 302 3267 lis
317 3223 449 3281 censor,
462 3201 613 3267 Senecam
624 3202 761 3267 alterum
774 3201 913 3284 addens,
925 3203 1074 3291 recipiam
1085 3203 1118 3268 in
1134 3225 1267 3268 censum
1285 3225 1334 3272 ac

265 3308 422 3374 natalibus
443 3308 630 3390 restimam,
658 3323 691 3373 et
719 3307 874 3374 illustrem
895 3309 981 3374 illam
1005 3307 1107 3374 doctis
1132 3308 1334 3396 disertisque

246 3413 449 3480 ¹hominibus
460 3416 613 3480 Annaeam
625 3430 755 3504 gentem
769 3417 906 3505 augebo.
927 3415 1107 3504 Principio,
1124 3431 1162 3480 ut
1179 3415 1255 3480 hino
1271 3439 1332 3486 or-

263 3520 348 3606 diar,
360 3521 549 3588 incredibile
564 3520 653 3586 dictu
665 3535 799 3586 centum
812 3537 844 3586 et
857 3521 968 3611 viginti
981 3544 1082 3586 annos
1095 3537 1207 3586 natum
1217 3520 1329 3587 Sene-

261 3651 330 3695 cam
346 3629 406 3695 sibi
418 3629 612 3711 constitisse,
628 3630 865 3717 memoriaque,
887 3651 985 3716 quam
1006 3627 1062 3716 (ut
1080 3627 1236 3715 diximum)
1250 3643 1330 3694 tan-

259 3751 372 3824 topere
390 3724 555 3825 praedicat,
577 3735 713 3801 valuisse
726 3734 854 3824 :quales
888 3731 1066 3832 paapodiooc
1097 3735 1150 3800 vix
1174 3734 1329 3824 singulos

259 3843 389 3932 singulae
408 3858 512 3910 aetates
538 3843 648 3908 ferunt
660 3866 668 3911 :
681 3863 742 3912 nec
765 3842 853 3937 apud
877 3842 1087 3924 Lucienum2,
1102 3841 1326 3932 Phlegontem

303 3989 327 4024 r.
342 3967 405 4024 Lib.
419 3969 656 4056 Anthropohxrx.
781 4031 795 4058 ·

297 4091 323 4148 ²:
341 4070 409 4124 Luc.
427 4069 455 4122 in
470 4067 627 4122 Macrobila.
