2796 4902
227 341 291 408 ou
315 335 446 405 veno
471 281 704 402 coumov.
731 327 959 400 lucrosa.
1074 325 1119 400 ,13

62 495 147 544 mata
156 478 230 542 hac
240 476 280 540 lis
298 471 431 539 esti'Ait
446 473 514 560 ipse
526 467 566 534 de
582 491 617 534 se
626 467 770 557 Epistola
779 487 880 547 cvrrr,
894 473 972 548 saa.
986 497 1000 524 ι
1012 465 1122 532 llisin·

64 586 227 650 «stinctus
246 581 409 646 abstinere
423 575 611 642 animalibus
624 575 726 666 coepit
737 589 770 640 et
783 595 870 639 anno
887 589 1033 664 peracto,
1053 595 1120 641 non

64 715 220 765 ·tantum
235 696 334 762 facilis
353 694 432 758 mihi
452 708 518 758 erat
540 689 764 775 consuetudo,
786 689 843 756 sed
869 689 980 757 dulcis.
997 691 1122 776 Quaeris

64 841 75 862 ι
91 799 482 895 quomododesierimiln
491 799 611 864 Tiberii
618 799 747 862 Caesaris
753 798 977 888 principatum,
981 799 1123 886 juventae

64 947 77 968 ·
91 929 223 1001 tempus
243 907 408 974 inciderat
434 906 623 994 Alienigena
643 920 714 969 tum
735 927 824 969 sacra
845 897 1077 987 movebantur,⁸
1093 920 1125 971 et

64 1053 75 1076 ·
92 1022 180 1084 inter
193 1031 384 1106 argumenta
406 1012 637 1103 superstitionis
648 1012 832 1101 ponebatur
848 1013 1031 1077 animalium
1046 1037 1127 1104 quo·

66 1159 76 1182 .
93 1123 246 1190 rumdam
261 1121 459 1186 abstinentia.
482 1120 577 1184 Patre
594 1120 703 1206 itaque
717 1139 791 1182 meo
808 1135 958 1210 rogante,
982 1122 1038 1208 qui
1059 1143 1127 1185 non

66 1264 79 1286 ·
93 1231 290 1296 calumniam
302 1227 449 1308 timebat,
461 1223 516 1290 sed
527 1225 764 1314 philosophiam
776 1224 903 1306 oderat,
911 1225 951 1290 ad
962 1227 1128 1315 pristinam

67 1371 80 1392 ι
96 1333 371 1401 consuetudinem
386 1331 476 1396 redii.
490 1361 503 1388 s
516 1332 622 1395 Locus
642 1331 763 1414 clarus,
778 1346 810 1395 et
821 1331 852 1394 in
869 1355 936 1420 quo
952 1355 1009 1398 arx
1030 1333 1129 1420 hujus
1214 1315 1215 1322 ἵ

66 1441 387 1506 camliacense
405 1441 556 1526 juvenem
570 1436 632 1500 sub
648 1435 797 1518 Tiberio,
817 1459 884 1525 quo
896 1453 1042 1527 tempore
1058 1439 1130 1504 alie·

66 1551 186 1638 nigena
200 1569 289 1611 sacra
308 1545 391 1608 urbe
413 1559 501 1607 mota
522 1559 607 1608 sunt.
633 1542 673 1620 ld
695 1541 809 1608 accidit
832 1545 946 1631 quinto
968 1544 1131 1610 'liberiani

67 1654 197 1743 imperii
216 1674 327 1733 anno,
347 1667 385 1715 ut
402 1650 518 1740 colligo
536 1649 629 1713 facile
650 1671 689 1714 ex
710 1649 761 1714 his
778 1649 879 1714 Taciti
891 1651 996 1716 verbis
1013 1649 1131 1716 Annali

70 1759 218 1826 secundo
228 1782 236 1823 ε
245 1789 258 1814 κ
272 1761 392 1823 Actum
402 1773 434 1821 et
444 1756 485 1820 de
496 1757 590 1821 sacris
600 1756 742 1846 aegyptiis
749 1755 949 1846 judaicisque
959 1757 1130 1847 pellendis,

70 1899 84 1923 ι
103 1867 292 1953 factumque
313 1865 446 1929 Patrum
460 1864 661 1945 consultum,
676 1880 713 1927 ut
730 1879 871 1952 quatuor
881 1864 977 1929 millia
993 1863 1133 1946 libertini

71 2007 84 2028 .
101 1971 229 2062 generis
240 1993 278 2034 ea
289 1971 516 2060 superstitione
528 1970 646 2034 infecta
656 1969 690 2033 in
703 1970 840 2035 insulam
849 1969 1027 2035 Sardiniam
1037 1971 1133 2034 vehe'·

71 2111 85 2134 ι
101 2093 253 2142 rentur·
270 2077 390 2141 Utrum
408 2097 485 2166 ergo
508 2075 595 2166 digiti
610 2097 662 2140 me
688 2074 819 2158 fallunt,
837 2095 876 2140 an
894 2101 913 2140 a
932 2092 1037 2141 morte
1050 2078 1135 2140 Cice·

73 2187 165 2250 ronis
187 2183 228 2248 ud
250 2185 339 2248 hunc
363 2183 463 2264 diem,
487 2184 562 2247 anni
586 2183 713 2247 circiter
736 2184 899 2273 sexaginta
919 2179 1137 2272 colliguntur?

75 2289 218 2374 Quodsi
233 2305 295 2371 est,
313 2288 483 2378 quomodo
499 2305 593 2353 natus
607 2289 770 2353 Ciceronis
785 2313 854 2354 aero
875 2289 997 2354 Seneca
1020 2289 1139 2354 fuerit:

77 2415 107 2462 et
118 2396 210 2460 idem
217 2397 345 2483 juvenis
356 2395 463 2476 adhuc
477 2396 539 2460 sub
550 2395 704 2459 Tiberio?
718 2395 787 2460 Nisi
802 2397 873 2484 quis
886 2413 952 2460 tam
964 2398 1072 2484 inepte
1088 2393 1141 2459 de·

76 2505 214 2592 sipiens,
231 2501 286 2589 qui
299 2501 541 2590 sexagenarium
556 2521 666 2564 senem
676 2503 831 2586 juvenem
843 2516 970 2564 censeat
983 2499 1143 2588 appellan-

78 2609 171 2674 dum.
179 2607 272 2671 Certa
286 2607 392 2671 resEt
404 2606 481 2671 huic
493 2607 550 2670 uni
561 2621 751 2696 argumento
761 2607 787 2670 si
799 2605 877 2693 quid
890 2606 1011 2694 opponi
1020 2617 1142 2693 potest,

79 2715 123 2780 illi
146 2714 288 2801 sapiant,
306 2736 383 2802 ego,
398 2728 436 2776 ut
448 2729 542 2802 poeta
564 2729 658 2778 vetus
673 2713 730 2794 ait,
743 2712 851 2777 fatuus
864 2713 942 2794 sim,
955 2734 1022 2776 non
1039 2711 1144 2776 solum

80 2821 208 2885 smltus.
225 2819 350 2908 Pugnat
369 2841 447 2909 ergo
465 2833 539 2883 aetas
564 2819 712 2885 Senecae:
724 2821 818 2884 etiam
841 2821 914 2884 vita.
938 2819 1022 2884 Nam
1041 2819 1067 2882 is
1088 2818 1145 2905 qui

82 2924 315 3015 philosophus,
326 2925 425 2989 vitam
433 2924 589 2990 illustrem
600 2924 727 3013 egit,ad
735 2949 837 3015 remp.
851 2927 1146 3007 accessit,h0norcs

85 3029 197 3119 gessit,
221 3045 378 3117 quaestor,
401 3029 515 3094 consul
540 3031 610 3094 fuit.
623 3031 673 3094 Dc
693 3046 853 3118 quaestura
870 3055 927 3096 sua
942 3031 1009 3120 ipse
1029 3031 1147 3097 fatetur

88 3135 317 3200 Consolatione
331 3135 371 3200 ad
386 3137 528 3202 Elbiarn:
540 3135 581 3202 de
593 3137 778 3218 consulatu,
787 3154 937 3202 auctores
952 3137 979 3203 F
979 3139 1036 3201 asti
1049 3153 1081 3202 et
1090 3138 1107 3201 J
1110 3161 1147 3202 u·

88 3242 280 3308 risconsulti.
308 3243 385 3307 Haec
397 3243 468 3308 vitae
481 3244 539 3308 lux
554 3265 621 3308 non
636 3243 722 3308 cadit
732 3244 766 3306 in
780 3267 890 3308 meum
903 3266 1013 3308 senem
1026 3266 1035 3308 τ
1050 3265 1149 3332 quem

88 3353 201 3416 vixisse
212 3366 376 3415 remotum
392 3351 433 3415 ab
447 3351 536 3416 omni
548 3351 671 3415 ambitu
685 3351 768 3433 scio,
782 3353 924 3440 equestri
940 3351 1054 3418 ordine
1074 3375 1151 3417 con·

90 3473 225 3522 tentum.
239 3457 341 3520 Testis
355 3458 424 3544 ipse
443 3459 476 3520 in
492 3457 690 3547 praefatione‚
708 3458 820 3524 lib.11.
839 3458 958 3523 Melam
973 3458 1074 3524 lilium
1105 3457 1150 3522 al·

10 3559 11 3570 ¹
91 3564 247 3651 loquens,
260 3593 273 3617 ι
288 3563 545 3652 Perge,inquit,
565 3586 632 3651 quo
653 3565 783 3630 inclinat
801 3567 944 3646 animus,
966 3582 998 3630 et
1016 3580 1152 3656 paterno

94 3685 294 3734 -contentus
313 3668 428 3734 ordine
452 3669 579 3735 subduc
601 3670 741 3736 fortunar
762 3695 910 3761 magnam
925 3673 973 3736 tui
987 3687 1121 3764 partem.
1137 3702 1151 3730 ι

94 3777 177 3841 Nam
206 3773 356 3839 ordinem
380 3775 528 3864 intelligit
552 3800 619 3841 non
653 3777 752 3843 dubie
781 3795 972 3868 equestrem.

129 3881 280 3971 Denique
291 3903 368 3947 cum
379 3904 460 3947 vana
469 3882 521 3947 illa
534 3883 688 3972 opinione
703 3883 782 3974 quid
796 3886 895 3977 magis
905 3903 1044 3978 pugnat,
1057 3913 1154 3980 quam

10 3975 11 4052 J
99 3988 219 4076 stylus?
230 3989 420 4054 Aristoteles
434 3987 523 4078 apud
538 3988 696 4078 quosdam
711 3991 818 4082 Lybiae
832 3993 986 4084 populos,
1002 3997 1155 4084 quoniam

10 4155 12 4188 l

10 4111 11 4146 i
99 4115 216 4160 uxores
229 4117 420 4161 communes
431 4111 524 4179 sunt,
540 4097 583 4161 ait
594 4095 715 4176 liberos
730 4097 770 4164 ad
785 4098 964 4171 somatum
976 4101 1153 4170 similitudi·
