2796 4902
267 423 331 490 DE
357 422 490 492 AUCT.
516 422 574 490 ET
598 423 799 492 DECLAM.
827 425 1042 494 RATIONE.
1120 427 1164 523 37

113 542 926 634 gymnasmatumunum,altenimControversiemm
934 545 1167 631 historicarum,
1239 559 1240 564 ’

113 665 163 714 ant
182 671 335 714 verarum
352 648 547 730 recentium,
562 649 695 714 tertium
712 648 869 716 fictarum.
889 652 1014 716 Auctor
1032 653 1107 718 libri
1127 654 1168 719 de
1254 635 1260 641 ⁸

113 760 209 822 musis
226 773 390 846 corruptae
407 757 626 844 Eloquentiae‚
645 759 711 823 sive
729 759 873 842 Tacitus,
896 762 961 824 sire
981 763 1090 850 potius
1112 763 1168 828 Fa..

113 865 179 929 blus
188 880 253 946 est,
265 863 413 945 ridetur,
427 864 452 928 si
468 879 587 929 attente
600 864 743 955 legatur,
756 863 1012 933 Declamationes
1027 869 1169 934 aSuaso

11 1027 12 1032 ,
113 972 161 1034 riis
175 987 207 1036 et
218 971 451 1038 Controversiis
463 970 678 1062 distinguere,
696 973 858 1063 quod-nec
878 999 896 1039 a
919 991 1028 1041 ntente
1045 977 1170 1060 Quinti·

11 1119 12 1168 1
113 1071 182 1136 lieni
196 1073 230 1136 in
245 1057 324 1136 Inst'
338 1071 503 1137 abhorret.
519 1072 730 1139 Philostratus
742 1075 836 1138 etiam
863 1066 918 1145 τὰς
949 1059 1094 1147 διαλέξεις
1118 1069 1170 1136 καὶ

113 1155 400 1257 αἰτοσχεδιάσματα
419 1161 556 1261 'sepeliat
573 1165 634 1233 ἀπὸ
657 1177 717 1234 τῶν
745 1172 886 1260 μελετῶν.
925 1173 1082 1263 Singulari
1113 1177 1170 1256 ita-

113 1299 175 1364 que
185 1275 270 1340 lihro
281 1276 444 1342 Suasorias
456 1277 596 1359 Seneca,
609 1279 755 1366 quinque
768 1301 849 1343 vero
863 1278 967 1361 libris,
983 1297 1021 1344 ut
1034 1282 1125 1363 olim,
1139 1298 1172 1345 et

113 1406 170 1448 uos
184 1407 274 1449 nune
289 1383 509 1468 distinximus,
524 1386 765 1450 Controversias
777 1386 964 1475 complexus
979 1404 1035 1453 est
1055 1390 1104 1452 Ex
1120 1390 1171 1453 his

113 1477 659 1573 Excerptaquaedam,etcentonnm
675 1487 963 1569 ritu,consarcinati
990 1483 1019 1546 ἐν
1044 1483 1171 1576 ἐπιτομῇ

113 1591 182 1656 libri
199 1590 322 1657 decem.
347 1591 498 1676 Quorum
514 1593 676 1682 quinque,
700 1595 813 1662 tertius
833 1593 1002 1675 nimirum,
1020 1609 1170 1681 quartus,

114 1699 258 1786 quintus,
273 1713 401 1780 sextus,
423 1715 455 1765 et
470 1715 603 1764 octavus
613 1719 743 1781 earum,
760 1723 832 1788 quae
844 1697 1079 1764 interciderunt
1090 1700 1173 1763 Con-

11 1827 12 1836 *
114 1805 355 1884 troversiarum,
377 1805 633 1870 Declarnationes
650 1799 738 1870 sunt,
761 1806 890 1895 Reliqui
909 1829 988 1870 vero
1010 1807 1171 1895 quinque,

115 1935 225 1978 earum
238 1934 311 2000 quae
323 1927 447 1978 extant:
461 1937 558 2002 quam
567 1935 627 1978 nos
637 1911 914 1978 Declamationum
924 1913 1096 2002 Epitomen
1107 1937 1167 1976 seu

113 2019 272 2106 llxcerpta
285 2007 498 2084 nominamus.
507 2019 645 2109 Propius
658 2035 767 2088 autem
779 2019 900 2085 factum
910 2035 956 2083 est
968 2019 1063 2102 nihil,
1074 2042 1172 2108 quarn
1230 2073 1245 2084 ,

114 2139 150 2188 ut
164 2123 332 2190 deGraecis
340 2124 500 2190 Thomem
510 2125 700 2216 Magistrum
711 2127 860 2208 imitatus,
876 2125 975 2190 titulis
984 2125 1068 2190 inter
1079 2148 1114 2189 se
1131 2123 1175 2188 di-

114 2253 218 2296 versas
236 2233 479 2297 Controversias
492 2233 633 2314 citarim,
650 2255 717 2297 non
735 2255 876 2310 nurnero
892 2246 948 2298 aut
964 2233 1052 2297 libris
1069 2231 1175 2296 distin·

115 2371 233 2436 guens,
267 2364 306 2414 ut
329 2348 453 2414 Graecas
476 2349 530 2414 ille
561 2351 683 2415 libanii
715 2350 970 2416 Declamationes
997 2346 1175 2437 ἐπιγραφαῖς

114 2458 146 2521 in
158 2481 219 2523 suo
231 2459 415 2523 Atticorum
427 2459 596 2524 nominum
608 2460 727 2525 Lexico
738 2461 773 2523 in
783 2460 1004 2523 testimonium
1016 2472 1176 2546 perpetuo
1237 2473 1239 2478 '

115 2563 259 2630 advocat.
293 2564 332 2629 ln
357 2565 520 2630 Suasorias
541 2553 650 2632 utitem
676 2589 716 2632 eo
735 2567 916 2654 longiores,
945 2579 1058 2628 contra
1081 2579 1176 2650 atque

115 2663 320 2760 propositum
330 2671 427 2755 mihi,
440 2663 676 2738 Annotationes
686 2687 871 2754 evaserunt,
885 2693 952 2758 quo
962 2674 1064 2758 major
1076 2691 1116 2733 ex
1127 2669 1176 2732 his

116 2778 233 2842 utilitas
244 2794 404 2868 emerget,
416 2779 458 2854 iis,
464 2781 656 2868 praesertim,
667 2780 766 2868 quise
777 2778 819 2843 ad
830 2778 875 2843 M.
885 2775 981 2842 Tullii
989 2777 1176 2856 lectionem,
1273 2829 1275 2834 ,

115 2887 277 2976 pmeipue
298 2886 414 2951 divinae
433 2887 536 2970 illius,
554 2904 593 2953 ut
615 2888 778 2978 Satyricus
791 2901 901 2968 vocat,
922 2885 1106 2974 Philippica
1123 2907 1177 2949 vo-

115 2989 237 3081 luerit(
246 2992 330 3057 velle
340 3009 449 3057 autem
460 3015 573 3058 omnes
587 2993 725 3082 debent)
741 2993 914 3059 conferre:
930 2993 1054 3078 tametsi
1066 2992 1178 3081 Vopis

117 3105 173 3164 cus
194 3100 227 3162 in
244 3097 445 3164 Numeriano
461 3091 734 3166 Declamationem
748 3100 898 3164 Tulliano
916 3098 1000 3188 stylo
1022 3115 1176 3188 opponat.

118 3205 182 3270 llas
201 3227 281 3269 vero
301 3207 534 3278 Controuersiis
560 3208 671 3274 censui
698 3204 955 3295 anteponendas,
978 3205 1180 3293 quamvis·se

122 3327 199 3400 post
211 3313 371 3401 scripsisse
379 3313 502 3378 Seneca
512 3301 683 3402 significet,
700 3310 809 3400 quod,
828 3327 864 3376 ut
878 3299 1053 3391 faciliores,
1073 3310 1181 3399 pueris

120 3419 264 3506 primum
277 3407 556 3507 proponerentur,
569 3433 607 3485 nt
621 3419 663 3483 ait
673 3417 761 3483 idem
773 3419 911 3506 scriptor
925 3414 966 3480 de
981 3416 1091 3480 Causis
1106 3439 1177 3480 cor·

11 3549 12 3616 ι
120 3535 222 3608 rupte
239 3517 831 3606 noqueneaeunstotatesemennb.
846 3519 894 3583 111
909 3519 1003 3582 niet.
1025 3507 1061 3574 τὸ
1077 3499 1179 3598 tepr-

119 3638 214 3725 γορεῖν
227 3637 303 3703 facit
313 3635 472 3703 difficilius
483 3639 535 3696 τοῦ
550 3619 733 3707 δικάζεσθαι.

11 4097 13 4150 l

11 4191 13 4276 l

164 3745 325 3809 Caeterum
342 3744 375 3807 in
386 3744 437 3808 his
456 3741 749 3826 Declamationibus
761 3743 913 3828 'tanquam
931 3761 1047 3828 pugnae
1058 3737 1183 3802 simula-

122 3851 200 3932 cris,
220 3848 262 3916 ad
278 3873 393 3914 verum
413 3848 599 3930 discrimen,
614 3853 768 3936 juventus
784 3848 862 3912 olim
879 3847 1048 3937 diligenter
1061 3833 1182 3934 ingenti

124 3957 344 4022 emolumento
363 3954 593 4034 exercebatur,
611 3970 648 4017 nt
666 3977 706 4018 ex
725 3954 885 4018 umbratili
901 3952 1008 4018 studio
1025 3953 1058 4016 in
1076 3952 1183 4016 lucem

122 4061 448 4152 solemqueprodiret,
459 4059 610 4126 etaliotis
619 4060 660 4126 ad
669 4062 764 4126 serias
774 4084 882 4126 causas
891 4060 1028 4149 litesque
1039 4058 1183 4122 forenses

122 4167 293 4258 aliquando
317 4170 473 4234 transiret.
503 4169 587 4232 luris
606 4170 703 4258 igitur
721 4169 892 4251 consultiS,
914 4169 964 4234 vel
988 4165 1114 4232 Alcinto
1127 4181 1188 4226 tes-
