2796 4902
225 385 271 467 40
545 382 683 466 suna.
710 379 962 463 scnorrus,

225 501 507 572 contemnendum.
530 502 612 566 Item
630 500 793 591 Calpurnii
811 501 915 566 Flacci
930 501 1181 568 Declurnationes
1198 505 1276 590 ejus-

225 609 298 674 dem
311 609 424 686 Pithoei
436 605 593 672 beneficio
605 607 725 696 publici
735 609 816 695 juris
828 607 926 674 factae.
937 608 1017 690 Quae
1029 609 1114 674 enim
1124 609 1276 674 Oratoriis

224 713 409 798 Quintiliani
435 714 690 778 Institutionibus
708 714 807 804 vulgo
826 715 1055 802 subjiciuntur,
1070 715 1152 800 adeo
1162 718 1278 802 jejunae
1381 737 1382 740 ¹

225 838 318 904 sunt,
331 836 428 909 atque
442 845 461 886 a
474 823 592 902 rebus,
608 821 726 908 quibus
737 822 863 892 Rhetor
877 821 929 886 ille
944 820 1116 894 abundavit
1126 870 1135 903 ,
1146 823 1278 911 inopes,

226 946 261 992 ut
272 929 404 994 aratoris
414 929 539 1018 potius,
553 950 651 1016 quam
660 931 795 994 oratoris
802 951 886 1009 esse,
897 927 1019 993 nedum
1030 931 1114 1015 ejus,
1127 930 1183 1016 qui
1196 929 1280 993 bene
1383 940 1384 1006 t

226 1033 353 1100 dicendi
376 1050 534 1124 praecepta
555 1034 789 1122 jucundissimo
813 1035 896 1123 stylo
919 1035 1139 1124 acerrimoque
1158 1033 1280 1122 judicio
1383 1021 1384 1024 ¹

225 1156 465 1229 pertractasset,
488 1140 649 1206 audaciter
671 1140 748 1206 olim
779 1141 967 1230 Philelphus
991 1140 1151 1228 judicarit
1172 1142 1283 1230 Apage

158 1303 165 1318 ,
226 1242 266 1304 sis
293 1241 407 1329 igitur,
431 1263 505 1304 cum
525 1240 574 1304 his
591 1241 705 1330 ineptis
732 1235 848 1328 λόγοις,
881 1241 938 1328 qui
954 1240 1077 1321 Volusii
1086 1240 1283 1335 Annalibus,

225 1362 281 1412 aut
293 1345 499 1435 Antiphontis
508 1345 597 1424 libris
606 1347 814 1414 Somniorum
821 1347 923 1435 plenis
932 1347 1034 1414 nihilo
1046 1346 1109 1411 sint
1119 1346 1283 1426 meliores,
1386 1345 1387 1398 ἶ

227 1476 310 1541 quos
323 1452 431 1541 legere
449 1474 546 1520 nemo
560 1453 710 1536 sustinet,
729 1453 788 1517 nisi
800 1454 857 1540 qui
875 1469 908 1518 et
922 1453 1008 1534 otio,
1028 1469 1061 1517 et
1070 1453 1181 1518 litteris
1195 1452 1286 1536 abuti

227 1560 311 1624 velit.
327 1559 426 1641 Quasi
438 1583 532 1642 vero,
542 1560 602 1647 qui
613 1559 680 1628 aliis
690 1575 843 1648 tanquam
856 1559 955 1648 digito
964 1558 1113 1649 parandae
1123 1559 1286 1647 Eloquen-

226 1669 277 1734 tiae
294 1669 377 1732 viam
402 1668 574 1756 fontesque
600 1667 773 1733 commode
795 1667 989 1749 ostenderit,
1013 1667 1138 1758 ingredi
1159 1669 1227 1756 ipse
1254 1682 1288 1731 et

228 1776 358 1840 haurire
372 1798 439 1839 non
455 1774 618 1863 potuerit?
639 1775 719 1839 Caeci
737 1776 835 1865 igitur
851 1775 891 1842 de
906 1776 995 1840 caseis
1010 1775 1136 1866 legant,
1157 1797 1217 1864 per
1230 1796 1285 1838 me

229 1882 317 1963 licet,
329 1904 381 1944 me
396 1903 471 1945 sane
484 1880 615 1946 rivalem
629 1903 696 1945 non
710 1881 887 1945 habebunt.
907 1881 1031 1958 Verum
1046 1904 1088 1946 ne
1102 1880 1182 1969 quid
1196 1879 1284 1944 dissi·

230 1969 383 2052 mulandb
395 1987 593 2076 prevaricari
607 1985 737 2069 videar,
754 1987 787 2052 in
803 2010 843 2052 eo
861 1988 1017 2078 scriptore
1030 1988 1152 2052 variant
1169 1986 1287 2064 Critici.

135 2108 138 2120 ·
229 2093 407 2158 Trebellius
416 2094 501 2159 enim
511 2093 615 2159 Pollio
625 2093 726 2162 refert
740 2095 942 2158 Postumium
952 2096 1116 2181 juniorem
1130 2095 1173 2158 ita
1189 2093 1286 2158 diser-

134 2204 140 2218 '
231 2215 301 2264 tum
317 2201 432 2281 fuisse,
454 2217 491 2265 ut
502 2224 605 2290 quum
627 2204 694 2287 ejus
711 2202 944 2266 Controversia,²
961 2201 1146 2266 acutissimis
1160 2200 1288 2282 Quinti-

231 2307 303 2371 liani
319 2306 552 2389 insererentur,
572 2331 639 2372 non
654 2323 734 2372 esset
745 2308 836 2372 facile
849 2308 915 2388 illas
927 2308 1156 2374 internoscere.
1175 2307 1215 2372 In
1232 2329 1287 2371 ve·

232 2415 353 2480 teribus
364 2415 503 2481 libristtt
516 2413 616 2480 Floro
627 2416 756 2480 inscribi
765 2401 856 2498 ,sunt
870 2416 927 2504 qui
937 2415 971 2479 in
982 2415 1084 2480 Variis
1095 2413 1256 2479 affirment
1266 2427 1288 2478 ¹.

233 2521 459 2611 Ampliandum
474 2511 587 2612 igitur,
603 2544 665 2586 nec
681 2522 761 2586 tanti
778 2543 815 2586 ea
830 2545 897 2603 res,
916 2520 961 2586 ob
975 2545 1073 2610 quam
1085 2520 1189 2586 deseri
1201 2519 1290 2584 radi-

234 2630 378 2694 monium
391 2629 516 2712 debeat.
698 2613 701 2622 .

275 2735 365 2799 Inter
376 2735 438 2800 hos
451 2752 560 2801 autem
573 2737 809 2801 Declamatores
820 2736 865 2800 M.
883 2735 1005 2800 Seneca
1018 2735 1146 2800 Rhetor
1160 2734 1291 2823 insignis

234 2841 381 2904 familiam
399 2841 505 2924 ducit,
528 2843 594 2907 sive
611 2841 774 2906 Suasorias
790 2841 831 2906 ab
846 2842 973 2932 optimis
993 2840 1121 2906 dicendi
1134 2841 1291 2930 magistris

234 2961 397 3027 tractatas,
409 2948 474 3011 sive
486 2947 727 3012 Controversias
738 2949 893 3014 memoria
902 2947 1098 3030 reconditas,
1112 2947 1289 3036 depromat.

277 3050 360 3116 Sunt
377 3053 463 3116 enlm
479 3054 548 3134 baec
564 3053 651 3117 aliud
668 3053 763 3136 nihil,
784 3077 880 3142 quam
900 3055 1070 3120 laudabilia
1088 3053 1290 3134 scholastica,

235 3159 364 3247 singulis
372 3161 559 3225 auctoribus
569 3160 713 3225 laudatis.
738 3161 787 3226 De
798 3165 891 3248 'cujus
906 3161 1070 3250 scriptoris
1086 3161 1169 3250 stylo
1185 3162 1227 3224 ita
1236 3163 1291 3246 ju-

236 3266 341 3331 dicare
355 3289 422 3331 non
441 3267 603 3349 dubitem,
621 3268 701 3333 nihil
715 3291 783 3334 esse
798 3269 832 3332 in
848 3269 958 3358 lingua
971 3268 1095 3350 Latina,
1106 3267 1292 3356 quumaCi-

236 3395 371 3457 rorone,
384 3374 549 3463 Fabioque
562 3374 740 3474 discesseris
747 3425 759 3462 ,Ι
774 3377 930 3465 seriptum
947 3377 1078 3465 purius,
1097 3391 1153 3439 aut
1169 3376 1294 3464 elegan-

174 3565 183 3576 ο
236 3481 307 3545 tius.
317 3480 479 3545 ludicium
487 3504 582 3561 vero,
591 3481 682 3570 quod
690 3505 817 3570 semper
829 3481 907 3561 fuit,
919 3482 1043 3569 eritque
1052 3504 1294 3571 perpaucorum

192 3663 200 3672 .
238 3589 463 3671 hominum,et
472 3613 608 3654 acumen
619 3591 650 3654 in
660 3589 935 3678 aliorumingeniis
947 3590 1103 3678 dictisque
1114 3588 1295 3672 censendis,

239 3718 400 3760 summum
417 3719 455 3762 ac
471 3697 640 3785 proprium
656 3694 749 3760 illius.
766 3696 925 3768 Dissentio
941 3696 1039 3785 igitur
1054 3719 1072 3760 a
1085 3697 1156 3760 viro
1176 3695 1294 3776 docto,

240 3802 295 3886 qui
302 3803 454 3867 memoria
461 3801 730 3868 nostraSenecam
740 3803 829 3867 hunc
838 3803 1016 3868 Rhetorem
1023 3802 1136 3875 leviter
1142 3801 1275 3868 doctum
1287 3851 1297 3882 ,

241 3930 276 3970 ac
288 3909 376 3995 quasi
389 3909 597 3998 proletarium
609 3907 753 3998 appdlat.

286 4142 308 4176 1.
330 4125 385 4178 lar.
400 4125 564 4192 lintamina,
577 4125 623 4178 lib.
638 4127 664 4180 11
679 4127 782 4178 Varius.
795 4143 852 4198 cap.
869 4143 911 4195 ¹7·
