2796 4902
311 681 518 732 ctrmssmo
535 664 818 740 noorrssmoour
833 679 920 728 mo

175 866 470 994 JUSTO
525 861 850 991 LIPSIO
902 865 960 990 J.
988 864 1056 990 C.

406 1117 455 1174 rr
474 1071 681 1172 ursmmco
700 1113 832 1182 nnero,

106 1287 201 1349 AM).
223 1284 434 1350 suflut'rus
453 1285 655 1350 lurum.
677 1285 733 1348 DE
753 1284 907 1348 SOClll'l'.
930 1286 1036 1365 tuso,
1050 1269 1126 1350 S.D.'

555 1511 689 1544 ndu-¹-

45 1754 49 1763 '
127 1739 310 1824 Quaesitum
323 1753 361 1804 ut
376 1737 469 1822 olim,
487 1735 668 1808 doclimime
687 1731 790 1830 lipsi,
810 1737 853 1808 de
874 1738 976 1804 causis
1010 1736 1149 1830 degene⁴

85 1847 184 1910 rantis
199 1845 408 1935 eloquentie),
424 1847 491 1910 sive
501 1870 520 1911 a
531 1846 629 1912 Com.
642 1845 772 1927 Tacito,
781 1869 879 1934 quem
890 1845 954 1935 legi
968 1862 1002 1910 et
1013 1845 1147 1936 intelligi

85 1950 241 2034 docuisti,
253 1975 311 2017 seu
325 1953 434 2041 potius
446 1975 465 2016 a
477 1951 529 2016 M:
540 1951 658 2034 Fabio,
674 1953 719 2018 aio
736 1967 769 2017 et
781 1951 949 2040 acquirere
967 1975 1047 2042 paee
1065 1954 1147 2019 mihi

83 2058 177 2123 licent
189 2075 248 2122 tua
257 2057 269 2147 (
278 2061 350 2146 quis
367 2059 453 2123 enim
468 2073 503 2121 te
516 2058 608 2123 citius
621 2057 747 2123 nodum
762 2058 959 2148 expedierit?
969 2059 982 2148 )
992 2059 1147 2148 quidnam

84 2187 185 2229 musae
195 2166 255 2246 sit,
271 2187 346 2248 cur,
361 2185 465 2252 quum
476 2164 674 2253 eloquentia,
687 2166 821 2253 ejusque
836 2165 921 2230 socia
937 2181 1034 2254 atque
1049 2165 1146 2231 adrui-

83 2271 181 2336 nistra
192 2271 392 2336 declamandi
403 2271 639 2336 ratioaGraeois
650 2273 791 2361 primum
801 2272 903 2354 culta,
919 2289 951 2336 et
961 2295 980 2336 a
990 2273 1143 2338 Romanis

84 2393 219 2466 excepta
235 2377 348 2459 fuerit,
366 2401 437 2466 quae
453 2375 651 2468 dueegentes
663 2393 752 2442 extra
766 2399 801 2442 se
816 2400 929 2442 omnes
943 2394 981 2442 ut
992 2379 1143 2443 barbarus

83 2482 278 2564 fastidirent,
292 2483 368 2548 inde
378 2499 485 2548 tamen
497 2483 539 2548 ad
553 2483 727 2572 Hispanos,
745 2507 822 2549 mox
837 2484 880 2548 ad
899 2483 1006 2549 Gallos
1019 2485 1072 2548 hic
1087 2507 1143 2573 po-

82 2591 240 2654 tissimum
261 2589 461 2655 declamandi
481 2613 575 2671 usus,
600 2605 698 2679 atque
722 2591 816 2655 etiam
839 2592 965 2678 poetica
986 2589 1086 2654 veluti
1110 2591 1142 2656 in

82 2697 245 2760 coloniam
264 2695 503 2786 commigrant?
529 2697 583 2762 An
604 2699 679 2786 quia
699 2711 737 2761 ut
757 2719 868 2760 rerum
890 2712 922 2760 et
941 2696 1145 2785 ingeniorum

82 2802 210 2889 periodi
226 2802 372 2891 quaednrn
387 2803 665 2892 tempestivitatem
686 2803 807 2868 habent
828 2826 935 2884 suam,
959 2804 1003 2867 sic
1027 2818 1058 2880 et
1080 2802 1144 2868 loci

84 2911 262 2974 mutatione
270 2909 519 2974 vicissitudinem
529 2908 1051 2998 experiunturl'Quemadmodum
1057 2909 1144 2976 enim

84 3015 230 3101 gentium
245 3035 285 3080 ex
299 3015 366 3080 aliis
379 3017 415 3080 in
435 3016 509 3080 alias
531 3014 624 3080 sedes
645 3016 849 3104 migrationes
871 3015 1024 3106 legimus,
1048 3017 1144 3081 sicet

85 3120 275 3209 disciplinae,
298 3137 448 3211 artesque
469 3123 563 3187 bonae
577 3121 645 3186 huo
664 3121 740 3186 illuc
762 3123 862 3187 veluti
880 3124 1011 3188 turbine
1034 3121 1144 3188 delatae

84 3227 268 3314 viguerunt
282 3229 335 3292 An
358 3230 433 3316 quia
448 3229 615 3293 luxurians
629 3229 740 3292 llomae
760 3229 942 3316 eloquentia
963 3230 1090 3318 longius
1109 3251 1144 3292 se
1182 3221 1185 3228 ’

86 3331 241 3397 diffudit?
255 3335 424 3422 quomodo
437 3336 536 3401 arbor
549 3335 626 3400 altas
640 3357 738 3424 agens
754 3334 892 3416 radices,
915 3337 1010 3400 ramis
1024 3357 1142 3424 opaea,

86 3437 196 3528 longas
222 3441 318 3505 mittit
337 3441 482 3523 umbrae,
502 3457 560 3506 aut
580 3456 708 3506 torrens
723 3441 814 3506 alveo
830 3465 974 3532 egressus
996 3441 1142 3530 proxima

86 3561 240 3638 quaeque,
257 3545 305 3610 uti
315 3545 495 3637 AEgyptum
508 3547 620 3629 Nilus,
632 3546 763 3636 irrigat?
776 3549 830 3612 An
851 3547 992 3635 denique
1011 3548 1087 3634 quia
1102 3546 1143 3610 ad

88 3673 252 3715 summum
266 3651 424 3741 perducta
438 3651 565 3718 dicendi
578 3652 629 3735 vi,
644 3651 862 3742 flagranteque
873 3657 939 3741 jam
950 3651 1096 3718 Mariano
1108 3677 1145 3718 ac

90 3757 286 3846 Pompeiano
300 3761 391 3826 bellis
404 3759 559 3825 intestinis
577 3759 681 3841 Iulia,
696 3759 854 3845 justitium
874 3760 1062 3842 fuit,tacuit
1082 3760 1148 3828 elo-

89 3865 237 3950 quentia,
247 3888 319 3953 quae
329 3866 461 3955 utpacia
472 3865 929 3955 altnnnain·proximasterraa
940 3866 1149 3957 demigravit?

91 3968 225 4057 Gorgias
250 3971 428 4038 leontinus
452 3971 547 4062 apud¹
563 3971 691 4037 Graeeos
711 3993 835 4062 ponere
848 3973 1059 4059 jubebat,‚de
1082 3997 1149 4061 quo

93 4077 164 4166 quiq
182 4076 294 4143 audire
312 4078 426 4159 vellet,
447 4095 480 4142 et
494 4081 668 4144 contrarias
692 4080 724 4142 in
745 4097 853 4168 partes
867 4079 1070 4160 disserendo,
1089 4103 1160 4168 quo

151 4203 174 4238 r.
196 4179 306 4244 Seneca
318 4206 393 4268 pars
404 4184 538 4244 secunda.
793 4245 795 4248 ,
1002 4205 1019 4242 2
