2796 4902
252 417 298 498 [μ
571 412 710 482 ANDR.
735 411 988 496 scnoTrth,

250 537 340 600 tione
363 534 534 614 excellere,
553 531 694 598 Galenus
713 547 746 598 et
765 531 950 599 Alexander
973 531 1207 624 Aphrodisieus
1233 555 1303 598 mo·

251 651 404 702 nuerunt.
429 635 506 723 Ejus
519 634 753 702 exercitationis
770 635 917 725 exempla
934 633 1104 700 clarissima
1128 629 1160 695 ai
1187 619 1302 719 διαιρέ·
1368 661 1372 668 ·

250 755 311 808 cett
326 741 386 797 τῶν
400 724 580 821 ζητημάτων
605 727 732 824 Sopatri
747 736 893 802 Ilhetori.
906 735 992 801 Huic
1003 735 1220 800 exercitationi
1230 755 1302 798 suc·

249 841 385 907 cedebat
398 842 609 931 illa,1mplere
620 843 870 910 controversias:
880 843 990 908 ultima
1001 859 1086 925 erat,
1098 841 1302 908 Declamatio.

250 947 343 1028 Haec,
364 965 401 1012 ut
418 949 526 1014 lucem
542 949 696 1015 afferrent
713 949 858 1033 Senecae,
872 950 973 1016 attuli.

290 1054 454 1122 Sententia
463 1080 558 1140 vero,
570 1059 821 1146 pronunciatum
833 1073 880 1122 est
890 1055 933 1121 de
942 1057 1040 1122 rebus
1052 1055 1223 1136 universis,
1233 1075 1306 1143 quae

249 1161 437 1249 expetenda²
450 1179 541 1246 sunt,
555 1179 611 1228 aut
629 1163 789 1253 fugiende
810 1162 852 1228 ad
871 1162 1044 1254 agendum.
1063 1161 1115 1226 Sic
1135 1161 1231 1226 Arist.
1254 1158 1306 1224 III

249 1259 383 1324 Rhetor.
403 1261 436 1324 in
453 1283 551 1349 quem
565 1277 597 1326 et
611 1267 734 1349 Ihhpat
749 1255 801 1323 καὶ
812 1259 914 1334 θέσεις
933 1262 1076 1326 Theonis
1092 1259 1307 1348 Hermogenis

250 1381 282 1430 et
300 1367 481 1456 Aphthonii
508 1365 637 1433 cadunt.
664 1369 730 1433 Sed
759 1367 883 1434 Seneca
908 1370 1053 1434 omnium
1075 1369 1209 1456 optime,
1226 1387 1308 1453 quas

249 1473 419 1564 intelligat,
430 1473 526 1559 docet
539 1483 562 1557 ¹,
575 1498 647 1565 quae
662 1476 833 1540 Sententiae
854 1477 1009 1566 propriae,
1033 1499 1105 1564 quae
1116 1473 1308 1538 translatitiae

249 1579 596 1664 dicerentur‚hocest‚
609 1583 686 1647 Loci
700 1605 905 1666 communes,
920 1585 953 1648 in
967 1605 1050 1671 quos
1063 1581 1177 1647 licebat
1192 1595 1308 1670 praeter

247 1687 383 1752 Causam
403 1710 586 1754 excurrere.
599 1689 657 1754 flae
672 1690 877 1779 pertinebant
893 1690 935 1755 ad
954 1689 1025 1754 illos
1039 1711 1204 1768 excessus,
1226 1707 1308 1774 quo·

249 1815 323 1856 rum
335 1792 422 1858 idem
431 1794 596 1884 praefando
611 1797 766 1862 meminit.
789 1796 828 1861 In
844 1820 908 1884 qua
923 1795 1048 1862 Pietas.
1065 1795 1161 1858 etiarn
1176 1793 1309 1860 Senten-

248 1899 298 1962 tiae
315 1899 412 1982 aihta,
428 1924 508 1990 quas
522 1899 555 1966 in
569 1902 704 1968 Albutio
719 1903 764 1968 sic
774 1903 910 1969 vocabat
924 1903 1055 1968 Asinius
1072 1900 1192 1983 Pollio,
1208 1900 1309 1986 hujus

248 2008 374 2094 generis
390 2030 458 2076 esse
470 2005 631 2076 videntur.

293 2213 317 2249 1.
339 2195 446 2254 Putet.
460 2196 509 2254 tta
520 2197 561 2252 tv
575 2197 671 2256 coru.

597 2518 718 2580 anon.
739 2519 954 2596 mutnus,
997 2602 1004 2616 ὓ

557 2679 616 2734 ω.
642 2680 705 2750 ιν,
732 2679 844 2747 ΡΜ.
871 2697 934 2749 οφ.
951 2682 993 2747 14.

291 2803 1307 2894 Illudsciendum,duosfuisseSenecasteumquiNeronisprae·

134 2892 137 2907 Ι
247 2929 360 3002 ceptor
372 2929 455 2995 erat,
468 2918 561 3001 eujus
572 2929 648 2978 sunt
661 2913 801 3002 epistole
810 2928 842 2978 et
851 2911 1026 3002 tragoediae,
1036 2913 1158 3002 quique
1168 2928 1308 3002 patruus

248 3016 368 3084 Lucam
376 3035 495 3107 poetae,
507 3018 660 3084 Gallionis
670 3018 770 3084 frater
780 3019 859 3104 fuit3
873 3021 971 3086 alium
982 3021 1159 3100 seniorem,
1171 3019 1260 3084 istius
1273 3036 1309 3084 et

249 3140 280 3188 et
290 3123 441 3190 Gallionis
449 3125 1044 3212 patremtcujnssuntDeclamationes,
1052 3127 1308 3215 quisepotuisse

247 3233 437 3298 Ciceronem
448 3230 561 3300 audire
571 3246 747 3299 attestatur.
759 3232 804 3298 Ut
818 3231 953 3300 ridicula
963 3233 1004 3298 sit
1020 3256 1134 3298 eorum
1147 3235 1308 3298 sententia

247 3339 304 3428 qui
318 3339 487 3428 utriusque
497 3353 621 3402 aetatem
631 3342 880 3428 conjungentes,
891 3341 1006 3406 vixisse
1018 3341 1230 3430 posteriorem
1244 3363 1307 3404 an-

247 3467 307 3510 nos
317 3469 415 3536 supra
429 3445 805 3512 taocomminiscuntur:
818 3469 920 3535 quum
926 3447 1162 3514 tamenDiolih.
1179 3445 1307 3530 LVIII,

246 3553 367 3640 phthisi
382 3552 540 3617 laborasse
551 3553 640 3618 hunc
653 3551 808 3618 Senecam
827 3553 867 3618 sit
883 3571 1013 3638 auctor,
1037 3575 1217 3642 manusque
1234 3552 1307 3618 Caii

246 3659 396 3748 principis
408 3660 556 3743 evanue,
570 3656 660 3750 quod
672 3657 825 3726 credebat
840 3658 912 3726 sore
928 3674 964 3726 ut
976 3659 1214 3752 quamprimum
1234 3657 1308 3724 fato

247 3763 429 3832 decederet.

576 3909 668 3972 Idem,
681 3913 776 3963 eodem
789 3911 836 3963 lib.
849 3927 909 3980 cap.
927 3913 968 3964 15.

290 4031 495 4098 Declamandi
509 4035 591 4100 ratio
609 4036 729 4124 quails,
749 4052 781 4101 et
794 4035 891 4126 qut‘un
909 4033 1010 4102 hodie
1024 4037 1199 4100 necessaria
1211 4035 1253 4100 sit
1267 4037 1308 4100 ti-

246 4139 380 4204 ronibus
387 4141 452 4224 juri
461 4141 543 4207 civili
554 4163 685 4230 operam
698 4163 815 4208 narare
823 4140 1024 4224 volentibus,
1037 4165 1120 4231 saepe
1130 4165 1148 4208 a
1160 4163 1213 4207 me
1225 4164 1311 4230 prte-
