2796 4902
239 347 286 420 28
550 349 686 418 ANDR.
713 347 965 431 SCHOt‘t'US,

237 471 341 538 nibus-
347 469 588 559 perniciemque
609 470 728 534 afferre
748 470 847 552 solet,
865 471 963 560 longe
987 473 1115 558 majoris
1132 451 1291 536 tristitiis·
1374 449 1376 514 i

228 579 400 644 'calamitati
417 579 479 644 fuit
495 602 503 644 :
520 581 636 646 aurinis
661 579 808 670 pluribus
822 581 883 654 ¹vel
904 581 1057 670 temporis
1078 583 1209 669 injuria,
1234 583 1288 646 vel

235 689 393 772 majorum
403 687 526 752 incuria
540 688 773 753 Controversiis
786 710 794 752 :
807 711 907 778 gneca
920 709 1000 753 sero
1011 704 1104 754 acute
1117 687 1208 771 dicta,
1219 691 1288 776 qui·
1376 749 1378 756 ,

235 793 296 857 bus
316 815 353 858 ea
372 794 459 858 natio
476 794 595 860 caeteris
610 795 760 860 omnibus
773 817 901 884 semper
916 795 1112 878 antecelluit,
1127 795 1217 884 quod
1237 818 1287 860 se·

235 899 356 986 quioris
370 901 430 964 aevi-
444 901 621 989 ignorantia
638 901 716 991 legi,
736 917 768 966 et
784 903 916 992 intelligi
930 924 967 968 ea
982 925 1049 967 non
1069 918 1216 992 possent,
1238 919 1290 966 tot
1378 919 1380 932 ⁴

233 1021 384 1095 tantaque
399 1008 580 1096 perierunt3
598 1009 652 1073 vix
667 1025 705 1072 ut
718 1009 873 1077 hactenus
889 1009 1059 1098 pristinum
1079 1009 1178 1075 decus
1194 1009 1289 1090 libri,

234 1114 429 1204 ceteroquin
447 1114 635 1180 eruditionis
646 1116 750 1205 pleni,
762 1118 847 1181 tueri
862 1116 1191 1206 potuerint,hiatibus
1202 1117 1293 1180 deni·
1382 1177 1383 1190 ,

233 1242 298 1309 que
309 1245 346 1288 ac
358 1221 429 1287 labe
441 1220 618 1306 deformes,
630 1223 802 1312 plerosque
815 1222 943 1290 dicendi
953 1223 1291 1302 studiososalectione

234 1326 457 1394 deterruerint.
492 1330 607 1416 Cujus,
637 1345 790 1418 tanquam
820 1330 934 1394 vitium
964 1329 1110 1394 ducentis
1144 1329 1292 1419 parietis,
1385 1403 1386 1426 ,

233 1434 380 1524 adeoque
390 1437 516 1502 ruinam
529 1437 678 1502 minantis
687 1434 820 1517 aedificii,
829 1460 932 1525 quum
941 1459 994 1503 me
1002 1453 1149 1526 aspectus
1158 1435 1294 1500 adcom-
1385 1443 1386 1446 ’

233 1541 469 1608 miserationem
498 1543 739 1624 commovisset,
771 1543 1041 1632 qtralemcumque
1070 1565 1167 1633 opem
1193 1543 1293 1622 rutis,

232 1649 333 1731 cesis,
356 1649 480 1732 studio,
510 1648 749 1748 diligentiaque·
761 1649 880 1714 afferre
905 1666 1040 1715 conatus
1062 1673 1143 1715 sum.
1174 1649 1293 1713 Fulcra
1389 1720 1390 1740 ,

231 1754 346 1843 igitur,
362 1772 394 1819 et
410 1755 545 1820 sublicas
557 1777 738 1845 apponere,
751 1771 783 1820 et
794 1757 914 1820 hiantia
924 1756 995 1821 loca
1005 1755 1132 1845 explere
1144 1755 1185 1820 de
1198 1755 1294 1819 libra·
1390 1805 1391 1812 κ

233 1860 359 1924 riorum
365 1861 590 1950 imperitorum
600 1861 711 1925 litteris
722 1863 857 1951 gothicis
868 1864 976 1951 potius
984 1887 1081 1951 quam
1093 1861 1209 1953 graecis,
1220 1877 1290 1924 ten-

233 1967 312 2048 tavi,
326 1981 491 2056 praeeunte
504 1983 536 2032 et
549 1968 701 2033 hortante
719 1969 856 2034 maxime
877 1971 998 2034 Anton.
1014 1968 1242 2033 Covarruviol.
1253 1969 1291 2031 C.

234 2072 386 2162 singulari
399 2088 432 2138 et
445 2073 642 2140 humanitate
653 2091 686 2139 et
701 2074 848 2140 doctrina
857 2075 1009 2164 praedito,
1026 2075 1082 2163 qui
1093 2075 1171 2138 mihi
1182 2096 1294 2162 perve-

235 2193 337 2242 terem
347 2179 467 2244 librum
475 2179 572 2270 longe
581 2182 739 2270 optimum
749 2181 979 2270 bonopublico
987 2177 1293 2245 libenterutcndum

235 2283 325 2348 dedit
341 2301 435 2374 :post
453 2285 547 2351 etiam
558 2286 698 2352 donavit.
718 2288 970 2377 Inspexeratque
985 2303 1077 2350 antea
1093 2283 1161 2350 Pet
1180 2286 1291 2348 Ciaco-

236 2391 308 2456 nius
325 2391 517 2476 Toletanus,
534 2394 635 2459 homo
656 2392 855 2460 doctissimus
873 2417 882 2459 ε
900 2417 919 2459 a
934 2415 1007 2481 quo·
1022 2408 1055 2458 et
1071 2414 1172 2481 pauca
1191 2413 1293 2480 graeca

235 2495 312 2562 inde
336 2515 443 2580 eruta,
465 2514 592 2565 etcum
613 2499 746 2566 eruditis
759 2498 855 2565 Gallis
873 2501 984 2564 Romae
1004 2498 1238 2564 communicata
1257 2497 1292 2558 in

236 2625 349 2668 manus
362 2604 438 2682 Nic,
453 2605 549 2672 Fabri
563 2606 590 2671 J.
601 2607 636 2671 C.
657 2605 828 2673 doctissimi
846 2620 1010 2670 venerant.
1032 2604 1070 2668 In
1080 2627 1147 2691 quo
1159 2601 1292 2690 quidem

237 2733 313 2774 cum
335 2711 389 2791 iis,
411 2713 469 2799 qui
488 2712 644 2777 hactenus
663 2713 697 2775 in
716 2711 833 2800 vulgus
851 2709 927 2774 editi
943 2725 1034 2792 sunt,
1055 2705 1292 2796 comparando,

236 2839 314 2881 mox
336 2833 369 2882 et
389 2841 465 2883 cum
480 2815 783 2907 Augustodunensi,
806 2839 843 2880 ac
859 2817 1014 2905 Brugensi
1035 2813 1293 2904 exemplaribus,

238 2945 309 3009 quoe
327 2924 504 2988 amicorum
520 2923 678 2988 beneficio
696 2939 809 2989 nactus
823 2944 939 3004 essent,
956 2922 1111 2987 Vaticano
1129 2921 1205 2984 item
1225 2943 1293 2982 me-

236 3028 324 3093 lioris
335 3045 419 3094 notae
434 3028 681 3112 committendo,
694 3044 851 3117 quantum
862 3027 941 3093 mihi
952 3027 1037 3092 taedii
1052 3024 1295 3093 absorbendum

236 3135 349 3220 fuerit,
359 3136 451 3202 facile
466 3137 660 3226 intelligent,
676 3138 733 3226 qui
747 3138 780 3201 in
796 3135 1111 3225 eademipsi-veteres
1122 3135 1295 3223 scriptores

236 3242 429 3308 emendandi
443 3243 585 3332 palaestra
598 3245 717 3308 utiliter
735 3242 907 3331 aliquando
921 3241 1136 3322 desudarunt3
1154 3263 1236 3327 quos
1252 3261 1296 3303 eo

236 3348 315 3412 mihi
330 3350 505 3436 aequiores,
515 3351 540 3413 si
552 3348 683 3438 quando
696 3373 749 3414 me
760 3349 878 3438 fugerit
891 3349 972 3412 ratio
980 3349 1098 3437 (homo
1105 3347 1193 3411 'enim
1202 3345 1296 3430 sum)

236 3455 281 3519 ob
294 3455 526 3520 benemerendi
540 3454 705 3538 studium,
721 3456 792 3520 iore
815 3454 955 3520 confido.
981 3455 1068 3536 Quas
1088 3451 1220 3541 quidem
1239 3473 1296 3516 va·

236 3559 354 3625 riantes
372 3559 560 3650 scripturas,
580 3559 621 3625 de
644 3576 784 3648 quatuor
797 3561 960 3624 veteribus
971 3559 1059 3624 libris
1071 3556 1298 3638 membraneis,

235 3665 438 3756 totidemque
448 3667 558 3756 primis
570 3666 778 3748 oddonibus,
801 3682 833 3732 et
855 3669 1059 3753 conjectanea
1079 3687 1146 3728 non
1160 3663 1298 3750 margini

237 3772 456 3860 appinximus,
471 3796 514 3839 ne
528 3773 707 3865 legentibus
719 3772 950 3862 impedimento
965 3787 1085 3853 essent,
1096 3769 1195 3834 sedin
1209 3792 1300 3833 com·

238 3879 430 3942 mentarium
446 3879 486 3944 ad
493 3879 614 3946 calcem
621 3881 788 3968 rejecimus
797 3887 819 3962 ¹,
833 3879 1057 3964 librorumque
1065 3899 1105 3941 ac
1111 3891 1301 3940 controver-

241 3981 360 4047 siarum
373 3983 561 4050 divisionem
575 3987 617 4050 ab
630 3985 743 4051 iisdem
757 3983 939 4065 codicibus,
952 4007 1018 4048 non
1031 4007 1049 4047 a
1064 3981 1310 4058 recentioribus¹

283 4119 307 4155 t.
329 4101 386 4156 Nos
400 4121 464 4158 vero
475 4121 525 4158 suo
538 4121 650 4177 (proque
661 4105 721 4172 loco
736 4104 912 4178 reposuimus.
926 4101 978 4156 Eu.
