2796 4902
222 357 290 424 DE
313 349 441 424 vulto
467 351 699 424 CONTROV.
726 352 950 424 AUCTORE.
1065 349 1107 426 15

58 501 68 526 a
81 471 170 535 ribus
181 469 330 558 potentia
345 482 558 556 aequaretur.»
571 465 693 530 Seneca
706 463 774 553 ipse
789 465 823 532 in
835 465 1063 532 Consolatione
1073 469 1113 538 ad

57 595 177 659 Elbiam
188 617 197 658 :
208 623 223 648 ι
235 593 374 681 Respice
385 591 499 655 batres
509 611 615 672 meos,
629 590 748 678 quibus
758 590 848 654 salvis
862 589 908 655 fas
919 593 977 657 tibi
988 615 1055 657 non
1068 609 1114 660 est

57 735 66 756 ε
82 719 237 766 accusare
252 699 428 764 fortunam.
441 698 479 761 In
493 711 636 784 utroque
648 696 748 760 babes
758 697 849 784 quod
864 713 896 761 te
912 697 1034 763 diversa
1053 699 1114 768 vir·

57 842 66 862 ·
82 825 152 870 tute
164 805 316 871 delectet.
329 805 421 870 Alter
428 805 572 876 honores
582 799 738 868 industria
746 820 967 892 consequutus
977 821 1024 870 est
1030 805 1114 893 (Gal-

57 911 409 1004 -lionemliutelligith
428 911 506 975 alter
529 911 689 999 sapienter
714 912 939 998 contempsit.»
963 912 1114 1002 Intelligit

55 1021 182 1086 Melam.
198 1003 323 1084 Confer
346 1037 436 1082 nunc
453 1016 562 1082 locum
591 1040 608 1080 e
628 1017 818 1081 Praelatione
838 1017 911 1082 libri
932 1018 964 1081 11
979 1021 1114 1082 Contro-

55 1129 247 1207 versiamm,
270 1140 303 1188 et
321 1123 396 1188 vide
410 1147 507 1212 quarn
530 1123 633 1212 elogia
654 1123 763 1187 'omnia
782 1123 976 1188 conveniant
993 1126 1026 1187 in
1049 1125 1114 1190 hoc

55 1235 146 1300 llela.
164 1265 179 1288 ι
190 1233 272 1298 Haec
294 1253 333 1295 eo
355 1231 522 1310 libentius,
533 1230 636 1312 Mela,
654 1229 699 1292 fili
714 1230 890 1310 carissime,
902 1231 1026 1313 refero,
1040 1232 1114 1319 quia

57 1372 67 1394 ι
80 1339 179 1402 uideo
190 1338 336 1402 animum
350 1352 445 1400 tuum
457 1359 474 1399 a
490 1336 634 1400 civilibus
648 1334 761 1399 officiis
773 1335 1016 1418 abhorrentem,
1030 1353 1063 1401 et
1073 1338 1114 1402 ab

57 1477 68 1500 ι
83 1444 175 1508 omni
190 1443 315 1507 ambitu
331 1463 496 1522 aversum3
509 1442 573 1506 hoc
587 1463 692 1504 unum
711 1423 1011 1528 concupiscentem,
1035 1442 1115 1507 nihil

57 1581 68 1604 ι
83 1549 336 1637 concupiscere,
348 1563 386 1610 ut
397 1547 586 1634 eloquentiae
595 1562 720 1610 tantum
729 1545 866 1610 studeas.
878 1547 948 1636 Ego
957 1569 1035 1610 vero
1047 1571 1114 1611 non

58 1687 69 1709 .
84 1679 157 1719 sum
171 1655 270 1720 bonae
280 1654 397 1716 mentis
407 1652 673 1742 impedimentum
683 1675 691 1717 :
701 1675 800 1741 perge
820 1675 888 1740 quo
905 1653 1034 1717 inclinat
1047 1655 1114 1718 ani·

59 1793 70 1815 ι
83 1785 167 1842 πως,
176 1776 209 1826 et
217 1775 355 1849 paterno
364 1775 536 1826 contentus
548 1758 673 1840 ordine,
681 1758 807 1822 subduc
819 1759 958 1824 fortunae
968 1783 1114 1850 magnam
1184 1755 1188 1766 '

57 1869 129 1931 atui
140 1882 281 1956 parterm
296 1896 309 1922 ι
327 1866 398 1931 Nec
423 1866 531 1930 turbat
553 1887 622 1944 me,
644 1865 734 1953 quod
754 1867 927 1954 epigraphe
949 1866 1114 1932 Novarum

58 1973 218 2054 nominet,
233 1993 330 2059 quem
342 1971 411 2052 alii,
430 1987 462 2035 et
481 1993 578 2058 quem
591 1971 713 2036 Seneca
727 1971 804 2059 ipse,
820 1969 1008 2036 Gallionem.
1021 1971 1113 2036 idem

58 2076 481 2166 enimilleperadoptionem
488 2077 604 2142 familia
612 2079 801 2159 exivit,etin
812 2095 983 2166 gentemac
992 2077 1113 2144 nomen

58 2185 140 2248 venit
152 2185 171 2248 J
175 2185 244 2248 unii
259 2182 421 2248 Gallionis.
438 2183 545 2248 Credo
562 2184 646 2248 illius
656 2183 754 2272 ipsius
771 2183 941 2266 Gallionis,
958 2186 1015 2272 qui
1030 2187 1114 2251 inter

59 2291 398 2355 rhetorasnominatur
408 2289 539 2354 Senecae
549 2291 648 2379 patri:
659 2289 738 2354 etde
750 2313 817 2378 quo
824 2291 962 2378 scriptor
973 2292 1114 2356 incertus

58 2397 95 2460 dc
108 2387 223 2460 Causis
245 2411 407 2484 corruptae
422 2396 633 2482 eloquentiae:
647 2426 660 2452 ιι
674 2396 783 2460 Malim
799 2397 909 2461 hercle
925 2399 960 2460 C.
977 2397 1114 2462 Gracchi

59 2505 262 2593 simpetum,
286 2518 342 2566 aut
362 2502 397 2566 L
425 2503 527 2566 Crassi
549 2503 781 2583 maturitatem,
801 2524 897 2589 quam
922 2503 1115 2567 calamistros

59 2641 69 2666 ι
84 2609 287 2690 Maecenatis,
298 2624 355 2672 aut
368 2607 502 2672 tinnitus
513 2607 674 2673 Gallionis.
689 2639 703 2665 a
712 2610 756 2671 At
767 2629 888 2671 nomen
898 2608 1017 2673 Novati
1031 2622 1116 2673 ante·

58 2717 121 2780 rius
137 2717 170 2780 ei
185 2715 301 2792 fuisse,
314 2713 430 2803 colligo
452 2735 493 2778 ex
503 2713 625 2779 Seneca
643 2715 677 2778 iu
692 2713 934 2795 Consolatione3
948 2713 1003 2801 qui
1020 2712 1115 2779 liliam

60 2819 154 2908 hujus
165 2820 310 2910 agnoscit
321 2843 340 2884 a
353 2821 484 2884 nomine
497 2822 598 2885 veteri
612 2821 643 2886 N
646 2821 814 2885 ovatillam.
831 2820 908 2885 Non
930 2821 1007 2884 item
1025 2820 1115 2886 locus

60 2949 107 2990 uic
128 2941 243 2990 movet
264 2927 355 2989 initio
374 2926 447 2991 libri
462 2927 494 2989 11
507 2928 660 2990 Controv.
678 2925 719 2990 de
740 2927 882 2990 Fabiano
900 2927 1114 3016 philosopho:

59 3035 158 3098 «Scio
181 3033 346 3112 futurum,
365 3033 486 3119 inquit,
508 3049 545 3096 ut
568 3031 684 3097 auditis
705 3033 868 3096 sententiis
891 3041 974 3119 ejus,
1000 3034 1115 3099 multas

58 3168 68 3190 a
83 3138 220 3227 cupiatis
231 3137 351 3202 audire.
365 3136 430 3201 Sed
440 3161 502 3202 nec
516 3138 569 3202 ille
582 3137 638 3202 diu
660 3137 944 3204 declamationibus
964 3139 1114 3205 vacabat:

57 3276 68 3298 ι
85 3261 116 3308 ct
132 3268 196 3334 ego
207 3245 311 3310 multo
332 3245 438 3308 minor
449 3261 528 3309 natu
544 3268 641 3334 quam
655 3247 724 3334 ipse
748 3262 836 3328 erat,
852 3245 1021 3311 audiebam
1036 3270 1116 3335 quo-

58 3352 142 3415 ·ties
165 3351 337 3432 inciderat,
365 3374 432 3416 non
464 3353 591 3440 quoties
615 3353 800 3417 volebam.»
817 3353 883 3434 Qui
906 3353 934 3418 si
956 3370 1043 3418 recte
1060 3355 1115 3431 ha·

56 3457 164 3538 beret,
176 3480 257 3522 vana
272 3459 379 3521 omnia
395 3481 466 3545 quae
485 3457 549 3522 (lixi
566 3458 608 3523 de
621 3473 712 3522 aetate
735 3459 832 3544 hujus
849 3459 941 3524 senis.
957 3460 1115 3524 Fabianus

12 3559 14 3630 l
59 3561 282 3627 eniruauditor
293 3563 447 3626 CaestiiPii
463 3579 494 3626 et
503 3562 613 3628 Arellii
625 3562 719 3628 Fusci
738 3561 816 3644 fuit;
840 3587 877 3627 ac
899 3563 961 3628 sub
985 3564 1114 3629 Tiberio

59 3671 219 3757 precipua
229 3669 274 3733 illi
288 3669 381 3732 fama.
403 3669 480 3750 Quo
495 3669 521 3732 si
534 3669 637 3734 multo
656 3670 763 3733 minor
777 3683 853 3734 natu
880 3669 933 3732 hie
959 3670 1114 3758 scriptor,

12 3723 14 3810 l
61 3807 71 3827 ·
89 3799 149 3839 cur
161 3799 228 3839 non
239 3776 373 3863 pistrino
384 3773 496 3839 trador
511 3796 571 3864 ego
585 3791 682 3864 atque
698 3775 810 3840 asino?
823 3805 836 3830 ι
857 3772 921 3838 Sed
944 3797 1010 3840 non
1028 3793 1115 3842 recta

59 3883 170 3963 lectio,
183 3897 215 3946 et
229 3881 385 3963 emendo,
408 3911 421 3936 ι
432 3880 534 3945 multo
557 3886 659 3970 major
674 3898 761 3948 natu.
777 3913 789 3938 a
805 3883 907 3947 Causa
932 3884 1017 3948 enim
1038 3907 1116 3953 vera

60 4011 126 4050 non
137 3987 238 4052 auditi
247 3987 389 4069 Fabiani,
396 3986 486 4076 qaod
496 3985 549 4052 ille
566 3989 714 4076 juvenis,
731 3987 852 4052 Seneca
860 3990 926 4074 jam
938 3989 1064 4077 grandi3
1078 4007 1115 4054 ut

12 4117 14 4168 l
60 4095 161 4160 honio
169 4119 265 4161 senex
276 4097 482 4184 frequentare
490 4096 733 4163 declamationes
742 4096 1113 4164 adolescentulihoneste

12 4421 14 4454 l

12 4465 13 4500 l
