2796 4902
255 305 293 374 ro
572 289 709 380 rosto
735 301 977 374 ursione.

246 427 371 492 libitum
379 441 460 490 esset
470 424 593 490 animos
604 422 804 488 audientium
813 423 963 512 rapiebat
974 425 1071 491 Hunc
1080 443 1189 494 secuta
1197 427 1295 518 longo·

246 549 319 622 post
332 531 498 597 intervallo
518 553 634 620 magna
650 530 866 619 sophistarum
882 532 995 620 copia,
1020 556 1103 621 quos
1123 535 1292 601 Philostra-

104 635 111 650 '
244 655 313 720 tus,
326 638 505 726 Eunapius,
521 653 553 702 et
564 637 744 726 Hesychius
753 636 929 720 celebrant,
943 655 1115 728 extantque
1124 641 1292 707 hodiem·-

244 747 371 826 cienus,
394 743 560 825 Libanius,
583 743 669 808 Dion
699 743 961 832 Chrysostomus‚
979 745 1138 810 Maximus
1158 747 1291 835 Tyrius,

139 849 142 858 ’
243 847 414 932 Aristides,
436 849 613 931 Himerius,
632 847 705 914 alii:
724 849 953 939 preceptiones
973 874 1051 919 vero
1073 851 1292 918 deelamimndi

241 955 402 1024 tradidere
412 955 714 1045 progymnasmatis,
725 977 782 1022 seu
793 955 902 1044 primis
913 954 1000 1045 apud
1011 957 1188 1023 Rhetorem
1206 981 1293 1024 exer·

242 1063 445 1127 citationibus
456 1061 680 1151 Aphthonius,
697 1061 829 1144 Theon,
845 1077 878 1128 et
892 1084 933 1127 ex
947 1063 1152 1154 Hermogene
1166 1063 1294 1130 Priscia-

241 1191 312 1232 nus.
325 1168 462 1232 Romani
476 1187 573 1248 vero,
585 1163 716 1232 devictis
729 1165 861 1249 Graecis,
874 1182 910 1262 ut
920 1168 1015 1232 armis
1029 1169 1208 1258 superiores
1218 1169 1292 1236 belli

207 1355 209 1360 k
241 1273 391 1364 gloriam,
409 1274 453 1340 sic
468 1288 500 1339 et
514 1271 751 1364 disciplinarum
765 1271 894 1338 laudem
913 1275 1059 1339 oratoria·
1075 1274 1291 1370 potissimum,

240 1395 273 1444 et
287 1381 434 1470 poeticae,
445 1379 588 1469 quamvis
606 1373 723 1460 serius,
737 1394 884 1467 ereptum
897 1380 1021 1461 ierunt,
1042 1396 1235 1472 acceptaque
1250 1381 1292 1446 ab

237 1487 296 1551 illis
305 1485 412 1553 fecere
421 1487 562 1552 meliora.
574 1485 667 1550 Unus
679 1486 823 1550 omnium
831 1485 930 1550 instar
940 1484 985 1551 Μ.
995 1485 1118 1550 Tullius
1129 1501 1162 1552 et
1164 1487 1292 1574 juvenis

238 1595 448 1678 exercebatur
464 1591 591 1660 assidue
610 1591 652 1658 ad
666 1592 900 1683 eloquentiam,
914 1609 947 1657 et
960 1591 1088 1684 pandis
1103 1609 1180 1659 natu
1195 1617 1291 1659 usum
1338 1616 1343 1622 ·

164 1757 168 1765 .
235 1702 405 1768 revocavit.
417 1700 595 1787 Quumque
608 1698 749 1782 sit,teste
762 1696 878 1780 Eabio,
886 1696 1166 1787 decimarumque
1174 1697 1290 1766 Graeeis

237 1813 347 1902 μελέτη
374 1830 437 1895 est,
464 1813 641 1880 forensium
660 1813 827 1886 actionum
845 1812 1024 1895 meditatio,
1047 1830 1080 1880 et
1093 1811 1291 1901 judiciorum

234 1923 509 2012 consiliorumque
529 1923 652 2015 imago,
667 1920 734 1986 hoc
756 1935 819 2004 est,
841 1923 1151 2004 controversiarum,
1167 1943 1204 1988 ec
1217 1943 1289 1988 sua-

235 2030 393 2094 seriarum
403 2025 566 2110 tractatio,
581 2027 700 2116 quibus
721 2043 875 2116 tanquam
894 2049 1013 2116 pugnae
1029 2028 1203 2094 simulacris
1222 2028 1291 2117 qui-

234 2135 371 2202 busdam
382 2135 423 2202 ad
437 2149 551 2202 rerum
566 2133 752 2215 discrimen,
764 2134 931 2222 aciemque
936 2137 1054 2221 justam
1064 2133 1288 2214 assuescimus,

235 2265 385 2333 oppressa
396 2245 462 2329 jam
473 2240 618 2308 civilibus
629 2240 724 2308 armis
736 2240 817 2330 Rep.
830 2241 914 2310 hanc
922 2241 1037 2308 Cicero
1043 2241 1138 2308 ammi
1151 2240 1289 2309 aversio·

232 2370 310 2415 nem
318 2346 560 2432 adhibendo,in
571 2347 757 2435 litterasque
767 2369 817 2429 se,
828 2369 866 2414 sc
880 2346 1108 2414 bibliothecam
1119 2345 1289 2429 abdend0,

233 2454 515 2546 etphilosophiam
522 2453 618 2520 latine
629 2451 817 2542 loquentem
829 2453 960 2535 fecit‚ct
968 2453 1134 2521 silentibus
1143 2476 1181 2520 ao
1192 2454 1290 2521 mutis

231 2562 266 2628 iu
281 2560 356 2628 foro
366 2561 467 2627 camis
478 2559 631 2649 publicis,
642 2557 854 2628 declamitant
863 2559 1040 2626 identidem
1051 2582 1160 2628 coram
1169 2558 1288 2640 Cassio,

230 2685 262 2734 et
272 2668 452 2750 Dolabella,
461 2682 498 2734 ut
506 2665 548 2734 ad
558 2665 593 2732 P.
607 2665 819 2734 Volumnium
826 2665 1038 2756 Eutrapelum
1050 2666 1177 2734 scribit:
1189 2665 1290 2730 latine

230 2773 847 2865 quidemetiamsenior,llirtioetl²ansa
854 2775 1146 2863 Consulibus,quos
1154 2771 1290 2861 discipu·

229 2881 294 2963 los,
307 2897 341 2946 et
350 2879 485 2972 grandes
498 2893 701 2969 protestatos
711 2880 854 2947 vocabat.
866 2880 938 2947 lmo
949 2879 991 2946 ad
1001 2879 1175 2946 Praeturam
1182 2900 1289 2966 arsque

230 3010 332 3077 graeee
344 2986 549 3068 declamavit,
561 3001 598 3051 ut
608 3002 723 3052 auctor
733 3001 781 3050 est
790 2987 1011 3076 Tranquillus,
1024 3001 1056 3052 et
1069 2987 1138 3076 ipse
1152 2983 1233 3054 adeo
1244 2985 1288 3080 ad

228 3095 274 3160 Μ.
286 3093 481 3158 Titinium«
498 3092 1101 3182 continebar,inquit,doctissimorum
1115 3092 1288 3158 hominum

228 3201 462 3281 «arrctoritate,
499 3199 555 3288 qui
572 3200 793 3265 existimabant
815 3202 923 3291 grecis
946 3200 1225 3268 exercitationibus
1243 3197 1289 3262 ali

228 3339 240 3363 κ
257 3307 370 3372 melius
383 3305 513 3395 ingenia·
521 3327 629 3394 posse.
643 3336 657 3364 ι
672 3307 713 3372 Et
722 3307 755 3372 in
767 3309 886 3389 liruto,
896 3308 952 3396 qui
963 3307 1005 3374 de
1019 3307 1110 3374 claris
1124 3319 1287 3380 estoreto·

224 3413 331 3478 ribus:
342 3443 356 3470 ι
366 3412 625 3491 commentabar,
635 3410 905 3493 ait,declamitaos
914 3435 997 3502 sepe
1008 3436 1085 3480 cum
1094 3409 1139 3478 ld
1154 3410 1286 3490 Pisone,

227 3553 239 3576 «ι
257 3536 375 3586 etcum
391 3519 430 3601 Q.
446 3517 621 3606 Pompeio,
638 3533 693 3583 aut
704 3541 780 3584 cum
792 3519 899 3608 aliquo
912 3517 1180 3610 quotidietidque
1191 3515 1287 3582 facie—

224 3657 237 3680 ·
253 3627 347 3704 ham,
372 3624 618 3690 multumetiam
640 3624 752 3704 latine,
773 3625 831 3690 sed
847 3649 948 3715 graece
967 3625 1096 3713 saepius,
1121 3623 1173 3688 vel
1192 3621 1287 3709 quod

198 3727 200 3732 ⁴
222 3763 235 3787 a
253 3731 464 3819 groecaoratio
480 3730 574 3819 plura
585 3747 772 3798 ornamenta
784 3727 1286 3822 suppeditans,cousuetudinem

222 3871 234 3892 ι
252 3837 393 3902 similiter
401 3837 497 3902 laurae
508 3835 637 3907 dicendi
645 3837 876 3906 afferebatrrel
885 3837 976 3927 quod
992 3861 1011 3902 a
1027 3837 1134 3927 grecis
1150 3835 1284 3905 scutulis

222 3943 456 4025 «doctoribus,
485 3944 544 4010 nisi
559 3967 660 4034 grece
684 3944 840 4027 dicerem,
864 3967 972 4032 neque
991 3943 1108 4032 corrigi
1130 3963 1282 4031 possem,

221 4083 232 4108 a
249 4073 357 4140 neque
372 4049 492 4114 doceri.
507 4081 519 4110 u
534 4051 592 4116 Cn.
611 4075 745 4140 quoque
766 4052 961 4140 Pompeium
977 4049 1120 4118 historici
1140 4045 1281 4114 tradide-
