2796 4902
475 391 718 461 ansuino.
935 391 941 398 ·
1054 383 1058 388 ·
1095 367 1125 488 '7

85 531 133 574 mo
145 526 234 574 sexto
246 510 341 579 Mers
353 511 485 580 exitium
498 510 691 594 traditurus,
707 513 824 603 quibus
838 513 940 580 Gallio
959 529 991 579 ct
1007 513 1129 580 Seneca

16 655 17 704 ,
83 617 259 704 parentibus
271 632 382 684 natum
392 617 499 684 dicere
511 620 582 689 satis
592 619 715 686 habuit.
732 619 948 704 Quintilianus
958 619 992 683 in
1003 621 1130 708 egregia

16 741 17 748 ¹
83 722 126 788 illa
136 740 305 790 anctorum
320 748 458 790 censura
470 728 565 792 unius
579 742 707 792 tanturn
725 727 855 794 Senecas
865 727 1050 816 philosophi
1066 749 1130 792 mo·

83 831 172 896 ninit.
187 834 337 922 Itemque
350 834 468 900 Statius
482 835 601 902 Lucani
619 836 821 926 genethliaco
836 835 916 902 dum
932 835 1035 901 claros
1052 836 1130 900 Cor·

81 936 232 1006 dubeuses
253 955 409 1006 recenset.
435 940 504 1006 Nisi
522 941 656 1008 fortasse
677 942 768 1032 qnod
785 966 804 1008 a
821 941 957 1008 Martiali
974 944 1127 1031 seriptum
1173 930 1176 936 Δ

80 1058 140 1108 est:
713 1073 717 1082 '

209 1177 341 1249 Dumque
352 1176 483 1246 ssim,
495 1179 661 1251 unicumque
674 1179 815 1235 Lucanam
835 1227 846 1234 .

249 1274 380 1332 Facrmda
389 1276 510 1350 loquitur
523 1277 668 1348 Corduba,

80 1397 113 1462 de
126 1417 217 1489 patre
229 1419 261 1468 et
275 1403 340 1468 lilio
355 1405 427 1493 quis
439 1405 616 1496 intelligere
626 1405 712 1471 velit.
726 1404 811 1480 Nam
821 1404 911 1494 quod
920 1403 994 1470 alibi
1003 1403 1127 1486 scribit,

209 1563 290 1616 Atria
301 1562 430 1616 Pisonum
441 1561 550 1630 stabant
563 1579 626 1618 cum
636 1572 777 1618 stemmate
790 1572 865 1632 toto,

251 1659 287 1714 Et
300 1659 375 1714 docti
388 1659 498 1715 Senacae
513 1670 556 1714 ter
568 1658 738 1714 numeranda
749 1660 861 1714 domus:

78 1783 113 1848 ad
124 1783 303 1854 Gallionem
317 1789 473 1856 Senecam
483 1807 516 1855 et
530 1789 666 1871 Melam,
681 1789 797 1856 eodem
808 1806 957 1879 tempore
968 1790 1084 1878 opibus
1097 1805 1129 1854 et

79 1890 222 1980 dignitate
233 1891 401 1977 florentes,
414 1896 780 1985 Pisoniquefamiliares,
790 1896 1023 1986 quodiisetiam
1031 1895 1128 1960 exitio

79 1995 145 2080 luit,
159 2023 312 2090 quosque
323 2001 474 2068 Martialis
486 2024 551 2068 una
561 2001 680 2084 coluit,
692 2002 901 2068 referendum
913 2001 1034 2091 judico.
1048 2002 1129 2084 Quae
1229 2079 1234 2092 ἡ

78 2117 174 2170 tamen
202 2129 245 2172 ex
272 2107 486 2174 Volaterrano
507 2109 620 2190 retuli,
641 2107 871 2197 undecumque
892 2109 945 2174 illa
963 2123 1128 2172 mutuatus

16 2277 17 2296 ,
78 2207 180 2295 fuerit,
197 2237 261 2302 pro
277 2215 372 2280 certis
385 2232 417 2281 et
429 2205 602 2305 compertis
614 2215 730 2284 habeo.
753 2215 960 2292 Praenominis
974 2214 1072 2280 fidem
1086 2214 1130 2280 la·

77 2316 175 2402 ciunt,
192 2320 324 2386 Marcus
335 2321 558 2388 blandissimus
572 2322 626 2387 ille
637 2345 720 2411 puer
733 2321 862 2388 Seneca}
876 2322 1080 2412 philosophi,
1097 2337 1129 2385 et

78 2419 196 2490 Marcus
208 2427 358 2492 Lucanus
369 2429 461 2494 Melae
471 2427 527 2494 lilii
538 2429 572 2492 in
590 2429 639 2493 ati
655 2429 817 2495 honorem
834 2429 878 2493 ita
891 2429 1004 2494 vocati.
1024 2427 1127 2494 Natu·
1201 2509 1206 2520 ι

79 2530 128 2593 rali
145 2535 233 2598 enim
251 2533 393 2622 quodam
408 2535 592 2625 impellente
610 2534 747 2617 affectu,
770 2534 822 2600 vel
840 2557 914 2615 sua,
931 2533 982 2599 vel
1001 2549 1129 2621 patrum

79 2641 268 2721 prenomine
279 2640 387 2706 liberis
398 2641 547 2729 antiquos
555 2641 723 2730 imponere
735 2641 844 2706 solitos
858 2641 1062 2704 observatum
1071 2653 1127 2708 eat·

81 2739 146 2824 Quo
161 2747 262 2835 magis
282 2747 384 2813 miror
405 2745 660 2836 diligentissimos
682 2747 786 2829 uiros,
806 2745 863 2833 qui
881 2744 978 2810 fastos
996 2743 1129 2833 digesse-

80 2866 164 2931 runt,
179 2851 319 2918 Lucium
330 2853 483 2918 Senecam
495 2853 743 2943 philosophum,
758 2853 846 2918 Lucii
857 2851 957 2917 filium
970 2873 1010 2915 cx
1023 2851 1129 2916 Dione

80 2973 107 3020 et
118 2959 229 3026 Tacite
244 2959 368 3028 dixisse.
389 2965 437 3028 Ac
451 2985 567 3027 vereor
582 2985 624 3027 ne
639 2963 703 3028 hac
716 2963 749 3026 in
764 2985 800 3026 re
817 2959 1060 3027 auctoritatibus
1075 2958 1130 3024 de·

81 3059 229 3131 liniantur.
247 3066 385 3132 Patriam
403 3089 482 3134 vero
501 3067 688 3134 Cordubam
706 3068 798 3133 liberi
813 3083 845 3132 et
856 3083 990 3158 nepotes
1006 3063 1130 3130 Cordu-

81 3167 184 3236 benses
195 3173 347 3262 probant.
360 3174 418 3238 Illa
428 3189 475 3238 est
486 3175 572 3238 enim
583 3173 709 3238 colonia
718 3175 801 3238 intra
813 3197 909 3263 quam
919 3195 954 3238 se
963 3171 1130 3238 detentum

16 3295 17 3370 ἐ
81 3273 166 3342 luisse
181 3279 274 3346 bellis
288 3280 432 3346 civilibus
446 3279 523 3345 dicit
535 3281 569 3344 in
580 3279 767 3370 praefatione
779 3282 876 3367 hujus
890 3280 1006 3370 operis.
1024 3278 1131 3360 Quam

81 3393 207 3477 primam
229 3396 263 3462 in
282 3396 467 3487 Hispaniam
487 3395 659 3462 deductam
691 3393 813 3478 ᾤκησαν
837 3385 869 3468 ἐξ
887 3390 999 3482 ἀρχῆς,
1026 3397 1132 3483 inquit

82 3507 206 3596 Strabo,
222 3499 370 3600 lupulae
388 3533 441 3593 te,
467 3507 519 3575 καὶ
551 3517 610 3574 τῶν
639 3505 805 3599 ἐπιχωρίων
837 3505 987 3572 ἐπίλεκτοι
1013 3495 1130 3596 ἄνδρες.
1170 3519 1178 3528 “

82 3612 168 3682 Unde
191 3619 288 3690 etiam
304 3619 437 3684 fortasse
456 3619 598 3684 Patriciae
619 3639 739 3682 nomen
762 3617 791 3681 ei
812 3614 960 3681 inditum.
982 3615 1067 3682 Nam
1089 3615 1132 3680 ita

83 3718 172 3808 ipsam
183 3725 406 3814 cognominari
415 3726 547 3807 Plinius,
561 3726 663 3813 capite
670 3726 776 3814 primo
787 3723 860 3788 libri
877 3723 962 3786 tertii
972 3720 1133 3788 Naturalis

16 3859 18 3990 p
84 3825 240 3912 fflstoriae,
255 3833 418 3896 memoriae
434 3831 591 3920 prodidit,
609 3847 641 3896 et
662 3833 696 3895 in
709 3827 902 3919 quibusdam
915 3831 1054 3894 nummis
1068 3830 1135 3894 Au·

84 3937 159 4020 gusti
176 3961 195 4004 a
210 3953 304 4026 tergo
320 3939 510 4028 inscriptum
522 3953 652 4004 estnon.
669 3957 840 4018 sanarem,
858 3935 991 4025 ejusque
1004 3936 1089 4004 ciues
1099 3934 1133 3998 in

84 4037 235 4128 ltpidibua
262 4044 401 4134 antiquis
430 4045 640 4113 Patricianses
663 4043 876 4135 appellantur.
907 4042 1036 4112 Ordinis
1056 4065 1134 4114 uero

87 4151 233 4233 equestris
245 4151 344 4216 fuisse
357 4169 473 4240 praeter
485 4151 632 4217 Tacitum
644 4153 713 4242 ipse
731 4150 772 4216 de
783 4175 816 4218 se
830 4151 938 4216 scribit
949 4149 1134 4240 prelatione

16 3995 18 4046 l

16 4395 19 4608 l

16 4671 18 4746 l
