2796 4902
272 399 336 468 DE
359 400 491 469 AUCT.
517 401 575 468 ET
599 401 800 470 DECLAM.
829 403 1041 470 RATIONE.
1127 402 1173 496 39

36 509 37 520 ί
125 520 288 610 Sophiste,
298 520 411 586 Dionis
423 520 534 588 Prusei
546 539 763 613 cognomento
776 521 997 613 Chrysostomi
1008 571 1018 605 ,
1028 523 1173 590 Theonis

124 628 153 690 in
168 627 408 716 Progymnasm.
430 627 590 711 Aristide,
609 629 750 720 Synesii,
768 629 951 714 Themistii,
969 629 1171 715 Polemonis,

124 732 264 816 llimerii,
280 734 484 824 aliorumque
498 735 622 802 disertae
637 735 821 819 Orationes,
840 736 1170 828 Declaanationesque.

122 841 200 923 Quin
214 857 246 904 et
257 839 532 932 Philosophorum
543 843 682 926 scholas,
695 844 816 933 optima
826 867 964 934 quaeque
977 845 1171 927 cavillando,

121 971 154 1012 ea
162 948 247 1012 labes
259 951 429 1039 occupavit
440 973 449 1030 a
462 973 603 1038 quorum
614 950 747 1040 laqueos
760 951 1090 1042 reprehensionesque
1107 954 1171 1019 elu-

120 1054 207 1136 dere,
225 1069 257 1119 et
275 1063 379 1138 tecto,
394 1056 484 1146 quod
502 1059 607 1140 aium,
624 1057 789 1125 discedere
806 1058 920 1139 latere,
942 1059 1092 1148 singulari
1113 1061 1167 1126 lib.

120 1148 181 1240 περὶ
197 1161 378 1238 σοφιστικῶν
396 1152 526 1245 ἔλὲγμων
542 1156 758 1246 Peripateticae
766 1157 1039 1246 scholaePrinceps
1047 1159 1169 1241 docuit,

118 1271 270 1342 vocatque
290 1250 345 1321 τὴν
365 1252 539 1340 σοφιστικὴν
559 1251 738 1342 φαινομένην
765 1249 887 1341 σοφίαν,
900 1247 989 1316 οὖσαν
1008 1244 1043 1318 δὲ
1062 1255 1102 1344 μη
1117 1253 1169 1319 καὶ
1252 1290 1255 1296 ‚

116 1348 163 1414 τδν
190 1349 336 1438 Σοφιστδν
367 1349 575 1440 χρηματιστὴν
609 1347 848 1440 ἀποφαινομένης
875 1348 995 1439 σοφίας,
1022 1347 1089 1416 ἀλλ’
1116 1355 1170 1418 οὐκ
1260 1375 1268 1390 “

115 1443 209 1522 elta<-
217 1455 363 1544 Exagitet
375 1453 507 1520 eosdem
523 1470 554 1519 et
564 1455 656 1534 Plato
666 1503 674 1536 ,
685 1469 717 1518 et
735 1454 893 1519 leocrates
909 1477 917 1518 :
937 1453 1024 1543 apud
1040 1455 1167 1521 Latinos

115 1581 190 1622 vero
200 1561 330 1624 Tacitus
342 1561 529 1643 Cornelius,
545 1562 612 1626 sive
623 1562 650 1625 is
661 1562 769 1650 potim
783 1559 901 1626 Fabius
918 1575 979 1642 est,
996 1559 1167 1628 Petronius

115 1666 259 1749 Arbiter,
278 1669 508 1736 Ammonianus
522 1667 743 1750 Marcellinus,
762 1668 936 1756 caeterique
958 1668 1163 1736 insectantur.

114 1770 248 1860 lltriqtte
265 1773 529 1864 sophismati,
548 1790 582 1840 et
594 1774 691 1840 iidem
708 1798 811 1864 saepe,
835 1797 953 1866 genere
971 1789 1077 1840 tannen
1095 1799 1166 1865 pro

113 1875 455 1942 fessionisdissimillimi
468 1892 500 1940 et
512 1877 645 1966 origine.
658 1878 743 1944 Nam
755 1876 1009 1966 Philosophastri
1020 1891 1053 1942 et
1066 1869 1165 1962 ἀμφο-

111 1968 308 2063 τιφόγλωσσοι
347 2001 364 2040 a
392 1975 524 2043 Zenone
552 1974 665 2042 Eleate
692 1973 856 2064 appellati,
895 1989 927 2038 et
953 1971 983 2034 ἐν
1002 1979 1047 2055 τῷ
1061 1959 1160 2036 δοκεῖν

110 2055 301 2162 διαλέγεσθαι
331 2073 519 2140 εΙίίιοῑοτοε
542 2073 584 2137 ab
602 2071 817 2162 Empedoclea,
847 2087 879 2135 et
910 2069 939 2132 ἐν
975 2077 1021 2154 τῷ
1054 2070 1163 2160 λιγιῖν.

109 2173 260 2260 Quamvis
273 2203 352 2244 vero
372 2195 511 2269 uterque
528 2201 546 2244 e
561 2178 758 2244 Parmenidis
776 2177 885 2246 schola
902 2178 1058 2266 profecti,
1074 2180 1163 2242 Zeno

107 2291 211 2342 tamen
224 2279 331 2344 bausit
341 2279 419 2348 inde
435 2275 603 2343 discidium
614 2275 691 2342 illud
712 2279 765 2350 ree
792 2271 957 2350 αἰσθήσεως
983 2271 1035 2338 καὶ
1059 2271 1160 2365 λόγου.

112 2375 207 2444 Unde
224 2381 316 2472 origo
347 2382 401 2452 τῆς
431 2362 612 2465 ἀδολεσχίας
644 2359 844 2450 διαλεκτικῆς.
860 2375 1072 2465 Empedocles
1085 2399 1163 2442 vero

104 2489 229 2576 poetica
239 2484 577 2580 pigmenta,aquibus
587 2482 723 2572 primam
733 2485 951 2550 vetustissimae
961 2483 1162 2572 Eloquentiae

104 2617 248 2659 manasse
268 2595 425 2683 originem
451 2590 567 2656 Strabo
596 2588 705 2654 refert.
736 2589 839 2654 Latini
865 2612 944 2654 vero
972 2588 1160 2654 Graecorum

103 2701 224 2781 aemuli,
239 2717 330 2792 post,
342 2699 400 2764 sed
411 2699 510 2790 longo
521 2695 707 2778 intervallo,
723 2695 841 2785 pedem
851 2697 884 2760 in
894 2697 943 2762 bis
954 2695 1092 2786 vestigiis
1102 2718 1161 2786 po·

101 2825 239 2874 suerunt
251 2831 260 2872 t
273 2824 304 2874 et
313 2804 498 2896 aliquandiu
511 2803 689 2870 intermissa
703 2803 911 2870 Declamandi
922 2804 1004 2868 ratio
1013 2819 1160 2869 revocata

100 2929 147 2978 est
157 2915 220 2982 sub
235 2915 387 2994 Nerone,
402 2911 596 3000 Vespasiano
618 2926 649 2974 et
666 2910 861 2976 Domitiano.
880 2910 1059 2976 Inclinante
1072 2910 1158 2974 eninr

98 3021 254 3110 irnperio,
275 3020 428 3112 paulatim
447 3019 540 3084 etiam
569 3017 751 3105 eloquentia
770 3017 983 3108 degeneravit.
1010 3018 1158 3110 Coeperat

99 3129 237 3218 quippe,
260 3149 413 3218 oppressa
432 3124 545 3192 orandi
562 3124 596 3187 in
619 3122 693 3190 foro
715 3124 876 3207 libertate,
892 3121 1020 3193 dicendi
1038 3125 1157 3215 pariter

98 3234 164 3320 ris,
180 3251 212 3300 et
227 3235 359 3302 facultas

238 3425 270 3480 In
283 3424 361 3501 pejus
373 3443 467 3494 ruere,
481 3441 512 3478 ac
525 3434 598 3478 retro
611 3422 736 3494 sublapsa
752 3421 856 3476 referri.

139 3599 229 3664 Τιιιιι
244 3598 379 3664 Porcius
394 3597 489 3662 Latro
506 3597 627 3662 caeteris
639 3597 855 3686 praestantior,
871 3613 903 3660 et
919 3594 964 3660 Μ.
979 3595 1096 3660 Fabius
1108 3617 1154 3661 se·

94 3709 181 3788 nior,
187 3705 473 3794 bominesllispani
480 3701 763 3769 miriliceaSeneca
769 3703 822 3766 hic
831 3701 959 3783 laudati,
968 3703 1151 3792 viguerunt.

95 3813 204 3900 Hujus
215 3814 356 3904 primurn
367 3836 386 3878 a
396 3810 538 3877 'l'badaeo
552 3809 690 3900 Ugoleto
700 3809 862 3876 Parmensi
873 3856 882 3890 ,
892 3832 910 3873 a
921 3808 989 3876 Pet.
999 3809 1151 3894 AErodio,

94 3939 204 4004 nuper
219 3918 313 3982 etiam
325 3939 344 3981 a
355 3910 424 3981 Pet
436 3914 562 3981 Pithoeo
577 3913 605 3981 J.
626 3915 662 3978 G.
681 3913 795 4001 insigni
812 3912 846 3976 in
861 3913 969 3995 Gallia,
991 3913 1050 3993 145
1062 3915 1152 4003 (que

95 4021 138 4086 de
157 4021 223 4110 390
243 4025 313 4090 lere
334 4023 465 4110 reliquae
483 4021 578 4110 sunt)
601 4019 693 4086 editae
708 4021 962 4088 Declamationes
979 4023 1120 4098 circumf
1136 4059 1149 4076 -

94 4133 235 4197 ruirtur:
250 4130 292 4196 de
305 4130 423 4220 quibus
440 4147 471 4194 et
486 4130 534 4194 lo.
553 4131 627 4193 Ant.
646 4127 796 4216 Canipani
809 4127 966 4214 judicium
981 4145 1065 4194 estat
1081 4153 1146 4192 raon
