2796 4902
308 486 1270 524 M

413 651 415 658 ’
472 687 473 690 ’
575 653 765 726 NICOLAI
789 655 919 722 FABRl
944 655 1024 730 J.C.

785 815 822 854 ΑΒ

288 933 350 1020 u.
386 921 924 1023 lnnarsauncn
956 925 1306 1021 annroms

738 1105 874 1165 manos

571 1289 574 1296 .
665 1237 938 1308 PRAEFATIO.

312 1499 493 1562 Doctorum
513 1494 668 1584 suffragio
692 1510 860 1583 receptum
879 1508 944 1575 cst,
968 1495 1029 1560 hos
1046 1494 1333 1562 Declamatioaum

271 1606 338 1671 sive
362 1585 660 1672 Controuersiarum
683 1602 783 1668 libros
809 1624 878 1666 esse
908 1601 1037 1667 Senecae
1060 1603 1215 1683 rhetoris,
1238 1603 1333 1668 Lucii

272 1711 384 1776 Annaei
391 1709 710 1800 Senecoephilosophi
719 1709 826 1799 patris.
835 1709 1254 1798 Argumentaquibussuam
1262 1731 1336 1774 sen-

273 1817 405 1882 tentiam
420 1815 632 1899 fulciunt,vir
647 1815 752 1906 magni
762 1813 1129 1904 judicii,rarissimaeque
1145 1814 1336 1880 eruditionis

173 1981 175 1987 ,
273 1940 306 1988 et
329 1921 501 2005 doctrinas,
524 1925 633 1988 luctus
651 1923 971 2012 LipsiusElectorum
982 1922 1088 2011 primo
1100 1921 1154 1992 lib.
1170 1922 1334 2010 vulgavit:

274 2054 293 2094 a
305 2054 372 2119 quo
384 2029 613 2120 elegantissime
622 2031 739 2119 scripta
747 2030 830 2118 peti,
840 2052 937 2116 quam
949 2028 1051 2094 aliena
1061 2029 1128 2094 huc
1139 2027 1335 2110 transferre,

274 2136 326 2201 vel
333 2137 491 2200 invertere
503 2136 625 2200 malui¹.
636 2136 668 2201 N
671 2159 707 2200 ec
719 2157 830 2200 recens
841 2158 879 2200 ac
887 2134 1028 2224 primum
1037 2151 1147 2199 nostra
1156 2149 1246 2210 aetate
1259 2150 1337 2212 nata

274 2243 395 2332 opinio.
405 2243 549 2332 Raphael
563 2244 649 2307 enim
659 2241 889 2307 Volaterranos
904 2243 953 2305 sui
969 2242 1074 2331 operis
1090 2241 1215 2306 decimo
1224 2263 1337 2324 nono,

276 2379 290 2405 ι
307 2349 454 2430 Marcus,
470 2348 591 2437 iuquit,
604 2349 745 2413 Annaeus
756 2348 887 2430 Seneca,
898 2348 1084 2437 philosophi
1095 2366 1196 2436 pater,
1209 2347 1338 2412 Cordu-

277 2486 290 2513 ι
307 2455 412 2519 bensis
428 2471 459 2518 et
469 2457 624 2543 equestris
636 2453 766 2536 ordinis,
774 2477 811 2519 ac
820 2453 1050 2519 cruditissimus
1065 2454 1125 2520 fuit
1138 2477 1147 2520 :
1160 2470 1198 2518 ut
1208 2456 1260 2518 cui
1272 2453 1338 2519 De-

258 2594 291 2620 ··
309 2539 528 2643 clamationes,
539 2559 1338 2651 quaefiliidicunturesse,nonnullireferant.»Tan·

276 2685 347 2734 tum
363 2693 435 2758 quae
454 2668 638 2740 dubitanter
658 2668 808 2756 protulit,
828 2691 887 2732 nos
906 2680 1092 2731 constanter
1106 2689 1336 2735 assereremus.

321 2777 370 2841 De
377 2777 557 2841 hocautem
562 2775 691 2839 Senecae
701 2790 792 2864 patre
803 2773 891 2864 apud
900 2775 1048 2862 antiquos
1055 2774 1155 2839 altum
1163 2775 1336 2842 silentium.
1387 2753 1390 2766 .

277 2881 376 2946 Filius
391 2881 478 2971 apud
494 2881 680 2954 Cornelium
700 2881 847 2946 Tacitum
866 2903 901 2944 se
920 2881 1077 2968 equestri,
1095 2903 1131 2944 ac
1147 2881 1339 2969 provinciali

277 2988 351 3053 loco
366 3004 475 3053 ortum
488 2987 659 3078 profitetur
674 3009 682 3053 :
700 2987 820 3076 dequo
832 3003 938 3054 tamen
950 3010 1017 3052 non
1027 3004 1075 3052 est
1084 2987 1238 3070 dubium,
1254 2989 1338 3076 quin

279 3093 340 3159 sub
356 3095 433 3158 Caio
452 3109 484 3157 et
500 3094 590 3158 initio
607 3092 733 3182 imperii
750 3093 1000 3182 Claudii,quum
1018 3095 1158 3183 primum
1173 3095 1293 3175 Gallio,
1305 3111 1340 3160 et

278 3197 400 3266 Seneca
414 3199 496 3266 lilius
509 3200 711 3264 innotescere
722 3216 904 3288 coeperunt,
919 3201 1013 3290 plura
1027 3200 1158 3283 dixerit,
1174 3225 1245 3288 quae
1258 3225 1339 3266 cum

279 3307 399 3372 horum
410 3297 740 3395 temporum'historia
754 3307 997 3374 interciderunt.
1018 3309 1136 3397 Neque
1152 3309 1237 3372 enim
1255 3311 1340 3374 veri-

280 3415 379 3480 simile
396 3430 442 3480 est
457 3431 575 3479 exactae
590 3414 758 3503 diligentiae
770 3415 978 3502 scriptorem,
993 3415 1082 3504 quod
1098 3415 1131 3480 in
1145 3416 1264 3480 caeteris
1280 3417 1339 3481 ali-

281 3525 373 3608 cujus
381 3519 519 3586 nominis
529 3535 711 3608 exequutus
721 3535 780 3601 est,
787 3521 948 3585 clarorum
959 3521 1139 3604 hominum,
1147 3522 1340 3610 prioresque

281 3646 387 3718 partes
407 3630 441 3693 in
457 3628 634 3718 Republica
649 3627 838 3692 habentium
857 3650 974 3718 genus,
996 3629 1149 3716 patriam,
1170 3643 1339 3717 parentes,

282 3736 353 3799 ritae
372 3737 532 3800 rationem,
545 3755 817 3822 progressumque
832 3735 982 3800 omisisse.
1004 3734 1092 3817 Quin
1107 3750 1139 3798 et
1153 3735 1237 3799 libro
1251 3732 1339 3799 deci·

328 3949 351 3984 r.
367 3932 457 3999 Quem
468 3951 531 3986 vero
541 3933 566 3988 J.
579 3932 666 4006 Lipsii
678 3933 778 3988 librum
798 3952 882 4006 quum
901 3935 1025 4006 plerique
1037 3933 1152 3987 lectores
1169 3934 1197 3987 in
1214 3933 1343 3988 manibus

285 4045 340 4082 non
360 4026 496 4094 habeant,
515 4029 608 4084 locum
624 4029 670 4084 laic
685 4029 837 4084 exscribere
853 4031 935 4085 satius
948 4031 1032 4084 virum
1044 4041 1092 4084 est.
1106 4031 1195 4100 Quem
1206 4030 1267 4084 ride
1279 4043 1343 4103 post

287 4123 356 4180 hanc
365 4123 559 4197 praefationem.
572 4125 625 4181 En.
952 4127 955 4133 ’
